%YAML 1.1
%TAG !u! tag:unity3d.com,2011:
--- !u!29 &1
SceneSettings:
  m_ObjectHideFlags: 0
  m_PVSData: 
  m_PVSObjectsArray: []
  m_PVSPortalsArray: []
  m_OcclusionBakeSettings:
    smallestOccluder: 5
    smallestHole: .25
    backfaceThreshold: 100
--- !u!104 &2
RenderSettings:
  m_ObjectHideFlags: 0
  serializedVersion: 6
  m_Fog: 1
  m_FogColor: {r: .24313727, g: .298039228, b: .349019617, a: 1}
  m_FogMode: 3
  m_FogDensity: .00999999978
  m_LinearFogStart: 64
  m_LinearFogEnd: 400
  m_AmbientSkyColor: {r: .494117677, g: .466666698, b: .423529446, a: 1}
  m_AmbientEquatorColor: {r: .114, g: .125, b: .133000001, a: 1}
  m_AmbientGroundColor: {r: .0469999984, g: .0430000015, b: .0350000001, a: 1}
  m_AmbientIntensity: 1
  m_AmbientMode: 3
  m_SkyboxMaterial: {fileID: 2100000, guid: 8b8a766cde5699e4187702b03e8753a8, type: 2}
  m_HaloStrength: .5
  m_FlareStrength: 1
  m_FlareFadeSpeed: 3
  m_HaloTexture: {fileID: 0}
  m_SpotCookie: {fileID: 10001, guid: 0000000000000000e000000000000000, type: 0}
  m_DefaultReflectionMode: 0
  m_DefaultReflectionResolution: 128
  m_ReflectionBounces: 1
  m_ReflectionIntensity: 1
  m_CustomReflection: {fileID: 0}
  m_Sun: {fileID: 0}
--- !u!127 &3
LevelGameManager:
  m_ObjectHideFlags: 0
--- !u!157 &4
LightmapSettings:
  m_ObjectHideFlags: 0
  serializedVersion: 5
  m_GIWorkflowMode: 1
  m_LightmapsMode: 1
  m_GISettings:
    serializedVersion: 2
    m_BounceScale: 1
    m_IndirectOutputScale: 1
    m_AlbedoBoost: 1
    m_TemporalCoherenceThreshold: 1
    m_EnvironmentLightingMode: 0
    m_EnableBakedLightmaps: 1
    m_EnableRealtimeLightmaps: 0
  m_LightmapEditorSettings:
    serializedVersion: 3
    m_Resolution: 1
    m_BakeResolution: 40
    m_TextureWidth: 1024
    m_TextureHeight: 1024
    m_AOMaxDistance: 1
    m_Padding: 2
    m_CompAOExponent: 0
    m_LightmapParameters: {fileID: 0}
    m_TextureCompression: 1
    m_FinalGather: 0
    m_FinalGatherRayCount: 1024
  m_LightmapSnapshot: {fileID: 0}
  m_RuntimeCPUUsage: 25
--- !u!196 &5
NavMeshSettings:
  serializedVersion: 2
  m_ObjectHideFlags: 0
  m_BuildSettings:
    serializedVersion: 2
    agentRadius: .5
    agentHeight: 2
    agentSlope: 45
    agentClimb: .400000006
    ledgeDropHeight: 0
    maxJumpAcrossDistance: 0
    accuratePlacement: 0
    minRegionArea: 2
    cellSize: .166666672
    manualCellSize: 0
  m_NavMeshData: {fileID: 0}
--- !u!1 &26925028
GameObject:
  m_ObjectHideFlags: 0
  m_PrefabParentObject: {fileID: 100102, guid: 24df20f059a511b419077a3c8bc0187f, type: 3}
  m_PrefabInternal: {fileID: 172952787}
  serializedVersion: 4
  m_Component:
  - 4: {fileID: 26925029}
  m_Layer: 0
  m_Name: spine1
  m_TagString: Untagged
  m_Icon: {fileID: 0}
  m_NavMeshLayer: 0
  m_StaticEditorFlags: 0
  m_IsActive: 1
--- !u!4 &26925029
Transform:
  m_ObjectHideFlags: 0
  m_PrefabParentObject: {fileID: 400102, guid: 24df20f059a511b419077a3c8bc0187f, type: 3}
  m_PrefabInternal: {fileID: 172952787}
  m_GameObject: {fileID: 26925028}
  m_LocalRotation: {x: 0, y: 0, z: 0, w: 1}
  m_LocalPosition: {x: 2.79396772e-08, y: .814819813, z: -.245828629}
  m_LocalScale: {x: 1, y: 1, z: 1}
  m_Children:
  - {fileID: 1274854564}
  m_Father: {fileID: 1714968876}
  m_RootOrder: 0
--- !u!1 &50330654
GameObject:
  m_ObjectHideFlags: 0
  m_PrefabParentObject: {fileID: 100116, guid: 24df20f059a511b419077a3c8bc0187f, type: 3}
  m_PrefabInternal: {fileID: 172952787}
  serializedVersion: 4
  m_Component:
  - 4: {fileID: 50330655}
  m_Layer: 0
  m_Name: tail2
  m_TagString: Untagged
  m_Icon: {fileID: 0}
  m_NavMeshLayer: 0
  m_StaticEditorFlags: 0
  m_IsActive: 1
--- !u!4 &50330655
Transform:
  m_ObjectHideFlags: 0
  m_PrefabParentObject: {fileID: 400116, guid: 24df20f059a511b419077a3c8bc0187f, type: 3}
  m_PrefabInternal: {fileID: 172952787}
  m_GameObject: {fileID: 50330654}
  m_LocalRotation: {x: 0, y: 0, z: 0, w: 1}
  m_LocalPosition: {x: -3.53902578e-08, y: -3.14303827, z: .0103311539}
  m_LocalScale: {x: 1, y: 1, z: 1}
  m_Children:
  - {fileID: 517330387}
  m_Father: {fileID: 770982702}
  m_RootOrder: 0
--- !u!1 &53771733
GameObject:
  m_ObjectHideFlags: 0
  m_PrefabParentObject: {fileID: 100074, guid: 24df20f059a511b419077a3c8bc0187f, type: 3}
  m_PrefabInternal: {fileID: 172952787}
  serializedVersion: 4
  m_Component:
  - 4: {fileID: 53771734}
  m_Layer: 0
  m_Name: right finger5
  m_TagString: Untagged
  m_Icon: {fileID: 0}
  m_NavMeshLayer: 0
  m_StaticEditorFlags: 0
  m_IsActive: 1
--- !u!4 &53771734
Transform:
  m_ObjectHideFlags: 0
  m_PrefabParentObject: {fileID: 400074, guid: 24df20f059a511b419077a3c8bc0187f, type: 3}
  m_PrefabInternal: {fileID: 172952787}
  m_GameObject: {fileID: 53771733}
  m_LocalRotation: {x: -8.8817842e-16, y: 0, z: -0, w: 1}
  m_LocalPosition: {x: -.0421123542, y: .0134080201, z: .562749267}
  m_LocalScale: {x: 1, y: 1, z: 1}
  m_Children: []
  m_Father: {fileID: 218974551}
  m_RootOrder: 0
--- !u!1 &55325169
GameObject:
  m_ObjectHideFlags: 0
  m_PrefabParentObject: {fileID: 100078, guid: 24df20f059a511b419077a3c8bc0187f, type: 3}
  m_PrefabInternal: {fileID: 172952787}
  serializedVersion: 4
  m_Component:
  - 4: {fileID: 55325170}
  m_Layer: 0
  m_Name: right foot0
  m_TagString: Untagged
  m_Icon: {fileID: 0}
  m_NavMeshLayer: 0
  m_StaticEditorFlags: 0
  m_IsActive: 1
--- !u!4 &55325170
Transform:
  m_ObjectHideFlags: 0
  m_PrefabParentObject: {fileID: 400078, guid: 24df20f059a511b419077a3c8bc0187f, type: 3}
  m_PrefabInternal: {fileID: 172952787}
  m_GameObject: {fileID: 55325169}
  m_LocalRotation: {x: 0, y: 0, z: 0, w: 1}
  m_LocalPosition: {x: 2.98864198, y: .157000542, z: 3.2055881}
  m_LocalScale: {x: 1, y: 1, z: 1}
  m_Children:
  - {fileID: 1545141824}
  m_Father: {fileID: 2065661178}
  m_RootOrder: 0
--- !u!1 &77727463
GameObject:
  m_ObjectHideFlags: 0
  m_PrefabParentObject: {fileID: 100132, guid: 24df20f059a511b419077a3c8bc0187f, type: 3}
  m_PrefabInternal: {fileID: 172952787}
  serializedVersion: 4
  m_Component:
  - 4: {fileID: 77727464}
  m_Layer: 0
  m_Name: tongue0
  m_TagString: Untagged
  m_Icon: {fileID: 0}
  m_NavMeshLayer: 0
  m_StaticEditorFlags: 0
  m_IsActive: 1
--- !u!4 &77727464
Transform:
  m_ObjectHideFlags: 0
  m_PrefabParentObject: {fileID: 400132, guid: 24df20f059a511b419077a3c8bc0187f, type: 3}
  m_PrefabInternal: {fileID: 172952787}
  m_GameObject: {fileID: 77727463}
  m_LocalRotation: {x: 0, y: 0, z: 0, w: 1}
  m_LocalPosition: {x: -3.91155481e-08, y: .442011833, z: .569896698}
  m_LocalScale: {x: 1, y: 1, z: 1}
  m_Children:
  - {fileID: 1844534261}
  m_Father: {fileID: 381927305}
  m_RootOrder: 1
--- !u!1 &90717718
GameObject:
  m_ObjectHideFlags: 0
  m_PrefabParentObject: {fileID: 100016, guid: 24df20f059a511b419077a3c8bc0187f, type: 3}
  m_PrefabInternal: {fileID: 172952787}
  serializedVersion: 4
  m_Component:
  - 4: {fileID: 90717719}
  m_Layer: 0
  m_Name: left arm0
  m_TagString: Untagged
  m_Icon: {fileID: 0}
  m_NavMeshLayer: 0
  m_StaticEditorFlags: 0
  m_IsActive: 1
--- !u!4 &90717719
Transform:
  m_ObjectHideFlags: 0
  m_PrefabParentObject: {fileID: 400016, guid: 24df20f059a511b419077a3c8bc0187f, type: 3}
  m_PrefabInternal: {fileID: 172952787}
  m_GameObject: {fileID: 90717718}
  m_LocalRotation: {x: 0, y: 0, z: 0, w: 1}
  m_LocalPosition: {x: -1.39513826, y: 1.67902136, z: 1.60931206}
  m_LocalScale: {x: 1, y: 1, z: 1}
  m_Children:
  - {fileID: 1483380016}
  m_Father: {fileID: 2053784099}
  m_RootOrder: 0
--- !u!1 &114254374
GameObject:
  m_ObjectHideFlags: 0
  m_PrefabParentObject: {fileID: 100146, guid: 24df20f059a511b419077a3c8bc0187f, type: 3}
  m_PrefabInternal: {fileID: 172952787}
  serializedVersion: 4
  m_Component:
  - 4: {fileID: 114254375}
  m_Layer: 0
  m_Name: Right Torso
  m_TagString: Untagged
  m_Icon: {fileID: 0}
  m_NavMeshLayer: 0
  m_StaticEditorFlags: 0
  m_IsActive: 1
--- !u!4 &114254375
Transform:
  m_ObjectHideFlags: 0
  m_PrefabParentObject: {fileID: 400146, guid: 24df20f059a511b419077a3c8bc0187f, type: 3}
  m_PrefabInternal: {fileID: 172952787}
  m_GameObject: {fileID: 114254374}
  m_LocalRotation: {x: 0, y: 0, z: -.707106829, w: .707106709}
  m_LocalPosition: {x: 1.74645102, y: .957320213, z: 3.04530144}
  m_LocalScale: {x: 1, y: 1, z: 1}
  m_Children: []
  m_Father: {fileID: 1274854564}
  m_RootOrder: 1
--- !u!1 &120034686
GameObject:
  m_ObjectHideFlags: 0
  m_PrefabParentObject: {fileID: 100000, guid: 24df20f059a511b419077a3c8bc0187f, type: 3}
  m_PrefabInternal: {fileID: 172952787}
  serializedVersion: 4
  m_Component:
  - 4: {fileID: 120034687}
  m_Layer: 0
  m_Name: Comp
  m_TagString: Untagged
  m_Icon: {fileID: 0}
  m_NavMeshLayer: 0
  m_StaticEditorFlags: 0
  m_IsActive: 1
--- !u!4 &120034687
Transform:
  m_ObjectHideFlags: 0
  m_PrefabParentObject: {fileID: 400002, guid: 24df20f059a511b419077a3c8bc0187f, type: 3}
  m_PrefabInternal: {fileID: 172952787}
  m_GameObject: {fileID: 120034686}
  m_LocalRotation: {x: .5, y: -.49999997, z: -.5, w: -.5}
  m_LocalPosition: {x: 0, y: 0, z: 0}
  m_LocalScale: {x: .100000001, y: .100000001, z: .100000001}
  m_Children:
  - {fileID: 832393019}
  m_Father: {fileID: 1589920489}
  m_RootOrder: 0
--- !u!1 &153398832
GameObject:
  m_ObjectHideFlags: 0
  m_PrefabParentObject: {fileID: 100044, guid: 24df20f059a511b419077a3c8bc0187f, type: 3}
  m_PrefabInternal: {fileID: 172952787}
  serializedVersion: 4
  m_Component:
  - 4: {fileID: 153398833}
  m_Layer: 0
  m_Name: left toe0
  m_TagString: Untagged
  m_Icon: {fileID: 0}
  m_NavMeshLayer: 0
  m_StaticEditorFlags: 0
  m_IsActive: 1
--- !u!4 &153398833
Transform:
  m_ObjectHideFlags: 0
  m_PrefabParentObject: {fileID: 400044, guid: 24df20f059a511b419077a3c8bc0187f, type: 3}
  m_PrefabInternal: {fileID: 172952787}
  m_GameObject: {fileID: 153398832}
  m_LocalRotation: {x: 0, y: 0, z: 0, w: 1}
  m_LocalPosition: {x: -.0090996027, y: -.0480218194, z: .476604015}
  m_LocalScale: {x: 1, y: 1, z: 1}
  m_Children:
  - {fileID: 900723156}
  m_Father: {fileID: 1006080572}
  m_RootOrder: 0
--- !u!1 &162369742
GameObject:
  m_ObjectHideFlags: 0
  m_PrefabParentObject: {fileID: 0}
  m_PrefabInternal: {fileID: 0}
  serializedVersion: 4
  m_Component:
  - 4: {fileID: 162369748}
  - 20: {fileID: 162369747}
  - 92: {fileID: 162369746}
  - 114: {fileID: 162369745}
  - 124: {fileID: 162369744}
  - 81: {fileID: 162369743}
  m_Layer: 0
  m_Name: Camera
  m_TagString: Untagged
  m_Icon: {fileID: 0}
  m_NavMeshLayer: 0
  m_StaticEditorFlags: 0
  m_IsActive: 1
--- !u!81 &162369743
AudioListener:
  m_ObjectHideFlags: 0
  m_PrefabParentObject: {fileID: 0}
  m_PrefabInternal: {fileID: 0}
  m_GameObject: {fileID: 162369742}
  m_Enabled: 1
--- !u!124 &162369744
Behaviour:
  m_ObjectHideFlags: 0
  m_PrefabParentObject: {fileID: 0}
  m_PrefabInternal: {fileID: 0}
  m_GameObject: {fileID: 162369742}
  m_Enabled: 1
--- !u!114 &162369745
MonoBehaviour:
  m_ObjectHideFlags: 0
  m_PrefabParentObject: {fileID: 0}
  m_PrefabInternal: {fileID: 0}
  m_GameObject: {fileID: 162369742}
  m_Enabled: 1
  m_EditorHideFlags: 0
  m_Script: {fileID: 11500000, guid: da20d4ecb093c2f4cbea02119e8c4f85, type: 3}
  m_Name: 
  m_EditorClassIdentifier: 
  target: {fileID: 1589920489}
  yadd: .5
  distance: 1
  zoomStep: .5
--- !u!92 &162369746
Behaviour:
  m_ObjectHideFlags: 0
  m_PrefabParentObject: {fileID: 0}
  m_PrefabInternal: {fileID: 0}
  m_GameObject: {fileID: 162369742}
  m_Enabled: 1
--- !u!20 &162369747
Camera:
  m_ObjectHideFlags: 0
  m_PrefabParentObject: {fileID: 0}
  m_PrefabInternal: {fileID: 0}
  m_GameObject: {fileID: 162369742}
  m_Enabled: 1
  serializedVersion: 2
  m_ClearFlags: 1
  m_BackGroundColor: {r: .492647052, g: .748073101, b: 1, a: .0196078438}
  m_NormalizedViewPortRect:
    serializedVersion: 2
    x: 0
    y: 0
    width: 1
    height: 1
  near clip plane: .00999999978
  far clip plane: 1000
  field of view: 60
  orthographic: 0
  orthographic size: 5
  m_Depth: 0
  m_CullingMask:
    serializedVersion: 2
    m_Bits: 4294967295
  m_RenderingPath: -1
  m_TargetTexture: {fileID: 0}
  m_TargetDisplay: 0
  m_HDR: 0
  m_OcclusionCulling: 0
  m_StereoConvergence: 10
  m_StereoSeparation: .0219999999
  m_StereoMirrorMode: 0
--- !u!4 &162369748
Transform:
  m_ObjectHideFlags: 0
  m_PrefabParentObject: {fileID: 0}
  m_PrefabInternal: {fileID: 0}
  m_GameObject: {fileID: 162369742}
  m_LocalRotation: {x: 0, y: 0, z: 0, w: 1}
  m_LocalPosition: {x: 0, y: 5, z: -10}
  m_LocalScale: {x: 1, y: 1, z: 1}
  m_Children: []
  m_Father: {fileID: 0}
  m_RootOrder: 1
--- !u!1001 &172952787
Prefab:
  m_ObjectHideFlags: 0
  serializedVersion: 2
  m_Modification:
    m_TransformParent: {fileID: 0}
    m_Modifications:
    - target: {fileID: 400000, guid: 24df20f059a511b419077a3c8bc0187f, type: 3}
      propertyPath: m_LocalPosition.x
      value: 0
      objectReference: {fileID: 0}
    - target: {fileID: 400000, guid: 24df20f059a511b419077a3c8bc0187f, type: 3}
      propertyPath: m_LocalPosition.y
      value: 2.02200007
      objectReference: {fileID: 0}
    - target: {fileID: 400000, guid: 24df20f059a511b419077a3c8bc0187f, type: 3}
      propertyPath: m_LocalPosition.z
      value: 0
      objectReference: {fileID: 0}
    - target: {fileID: 400000, guid: 24df20f059a511b419077a3c8bc0187f, type: 3}
      propertyPath: m_LocalRotation.x
      value: 0
      objectReference: {fileID: 0}
    - target: {fileID: 400000, guid: 24df20f059a511b419077a3c8bc0187f, type: 3}
      propertyPath: m_LocalRotation.y
      value: .939692676
      objectReference: {fileID: 0}
    - target: {fileID: 400000, guid: 24df20f059a511b419077a3c8bc0187f, type: 3}
      propertyPath: m_LocalRotation.z
      value: 0
      objectReference: {fileID: 0}
    - target: {fileID: 400000, guid: 24df20f059a511b419077a3c8bc0187f, type: 3}
      propertyPath: m_LocalRotation.w
      value: .342020035
      objectReference: {fileID: 0}
    - target: {fileID: 400000, guid: 24df20f059a511b419077a3c8bc0187f, type: 3}
      propertyPath: m_RootOrder
      value: 3
      objectReference: {fileID: 0}
    - target: {fileID: 9500000, guid: 24df20f059a511b419077a3c8bc0187f, type: 3}
      propertyPath: m_Controller
      value: 
      objectReference: {fileID: 9100000, guid: 61c352e6aa3b8894fa868a10ecb45977, type: 2}
    - target: {fileID: 400000, guid: 24df20f059a511b419077a3c8bc0187f, type: 3}
      propertyPath: m_LocalScale.x
      value: .25
      objectReference: {fileID: 0}
    - target: {fileID: 400000, guid: 24df20f059a511b419077a3c8bc0187f, type: 3}
      propertyPath: m_LocalScale.y
      value: .25
      objectReference: {fileID: 0}
    - target: {fileID: 400000, guid: 24df20f059a511b419077a3c8bc0187f, type: 3}
      propertyPath: m_LocalScale.z
      value: .25
      objectReference: {fileID: 0}
    m_RemovedComponents: []
  m_ParentPrefab: {fileID: 100100000, guid: 24df20f059a511b419077a3c8bc0187f, type: 3}
  m_RootGameObject: {fileID: 979863290}
  m_IsPrefabParent: 0
--- !u!137 &172952788
SkinnedMeshRenderer:
  m_ObjectHideFlags: 0
  m_PrefabParentObject: {fileID: 13700006, guid: 24df20f059a511b419077a3c8bc0187f,
    type: 3}
  m_PrefabInternal: {fileID: 172952787}
  m_GameObject: {fileID: 174340443}
  m_Enabled: 1
  m_CastShadows: 1
  m_ReceiveShadows: 1
  m_Materials:
  - {fileID: 2100000, guid: e61096368e13ff044b3c089ea9e2d16d, type: 2}
  - {fileID: 2100000, guid: 746ae18ae957e21459640daa6bc29864, type: 2}
  m_SubsetIndices: 
  m_StaticBatchRoot: {fileID: 0}
  m_UseLightProbes: 1
  m_ReflectionProbeUsage: 1
  m_ProbeAnchor: {fileID: 0}
  m_ScaleInLightmap: 1
  m_PreserveUVs: 0
  m_ImportantGI: 0
  m_AutoUVMaxDistance: .5
  m_AutoUVMaxAngle: 89
  m_LightmapParameters: {fileID: 0}
  m_SortingLayerID: 0
  m_SortingOrder: 0
  serializedVersion: 2
  m_Quality: 0
  m_UpdateWhenOffscreen: 0
  m_Mesh: {fileID: 4300006, guid: 24df20f059a511b419077a3c8bc0187f, type: 3}
  m_Bones:
  - {fileID: 832393019}
  - {fileID: 1714968876}
  - {fileID: 26925029}
  - {fileID: 1274854564}
  - {fileID: 2092693748}
  - {fileID: 2131833797}
  - {fileID: 2053784099}
  - {fileID: 90717719}
  - {fileID: 1483380016}
  - {fileID: 1959636654}
  - {fileID: 1304216596}
  - {fileID: 229724778}
  - {fileID: 862586467}
  - {fileID: 1232664966}
  - {fileID: 974959046}
  - {fileID: 778166319}
  - {fileID: 2005469414}
  - {fileID: 218974551}
  - {fileID: 53771734}
  - {fileID: 2013934086}
  - {fileID: 544732762}
  - {fileID: 1331048523}
  - {fileID: 497353934}
  - {fileID: 811586614}
  - {fileID: 1053722173}
  - {fileID: 295304269}
  - {fileID: 852417304}
  - {fileID: 381927305}
  - {fileID: 1397514209}
  - {fileID: 77727464}
  - {fileID: 1844534261}
  - {fileID: 262189893}
  - {fileID: 114254375}
  - {fileID: 567461602}
  - {fileID: 889076085}
  - {fileID: 1230972170}
  - {fileID: 770982702}
  - {fileID: 50330655}
  - {fileID: 517330387}
  - {fileID: 2027706320}
  - {fileID: 1773945847}
  - {fileID: 1525382010}
  - {fileID: 414290570}
  - {fileID: 1640342326}
  - {fileID: 635695846}
  - {fileID: 2065661178}
  - {fileID: 55325170}
  - {fileID: 1545141824}
  - {fileID: 557545929}
  - {fileID: 1873552064}
  - {fileID: 449419051}
  - {fileID: 1657745638}
  - {fileID: 1058728237}
  - {fileID: 1137315408}
  - {fileID: 1747735553}
  - {fileID: 377942779}
  - {fileID: 1006080572}
  - {fileID: 153398833}
  - {fileID: 900723156}
  - {fileID: 735316944}
  m_BlendShapeWeights: []
  m_RootBone: {fileID: 832393019}
  m_AABB:
    m_Center: {x: .00117886066, y: -3.87585735, z: 2.28487062}
    m_Extent: {x: 2.6838975, y: 20.8936462, z: 10.0564613}
  m_DirtyAABB: 0
--- !u!137 &172952789
SkinnedMeshRenderer:
  m_ObjectHideFlags: 0
  m_PrefabParentObject: {fileID: 13700008, guid: 24df20f059a511b419077a3c8bc0187f,
    type: 3}
  m_PrefabInternal: {fileID: 172952787}
  m_GameObject: {fileID: 1944619171}
  m_Enabled: 1
  m_CastShadows: 1
  m_ReceiveShadows: 1
  m_Materials:
  - {fileID: 2100000, guid: e61096368e13ff044b3c089ea9e2d16d, type: 2}
  - {fileID: 2100000, guid: 746ae18ae957e21459640daa6bc29864, type: 2}
  m_SubsetIndices: 
  m_StaticBatchRoot: {fileID: 0}
  m_UseLightProbes: 1
  m_ReflectionProbeUsage: 1
  m_ProbeAnchor: {fileID: 0}
  m_ScaleInLightmap: 1
  m_PreserveUVs: 0
  m_ImportantGI: 0
  m_AutoUVMaxDistance: .5
  m_AutoUVMaxAngle: 89
  m_LightmapParameters: {fileID: 0}
  m_SortingLayerID: 0
  m_SortingOrder: 0
  serializedVersion: 2
  m_Quality: 0
  m_UpdateWhenOffscreen: 0
  m_Mesh: {fileID: 4300004, guid: 24df20f059a511b419077a3c8bc0187f, type: 3}
  m_Bones:
  - {fileID: 832393019}
  - {fileID: 1714968876}
  - {fileID: 26925029}
  - {fileID: 1274854564}
  - {fileID: 2092693748}
  - {fileID: 2131833797}
  - {fileID: 2053784099}
  - {fileID: 90717719}
  - {fileID: 1483380016}
  - {fileID: 1959636654}
  - {fileID: 1304216596}
  - {fileID: 229724778}
  - {fileID: 862586467}
  - {fileID: 1232664966}
  - {fileID: 974959046}
  - {fileID: 778166319}
  - {fileID: 2005469414}
  - {fileID: 218974551}
  - {fileID: 53771734}
  - {fileID: 2013934086}
  - {fileID: 544732762}
  - {fileID: 1331048523}
  - {fileID: 497353934}
  - {fileID: 811586614}
  - {fileID: 1053722173}
  - {fileID: 295304269}
  - {fileID: 852417304}
  - {fileID: 381927305}
  - {fileID: 1397514209}
  - {fileID: 77727464}
  - {fileID: 1844534261}
  - {fileID: 262189893}
  - {fileID: 114254375}
  - {fileID: 567461602}
  - {fileID: 889076085}
  - {fileID: 1230972170}
  - {fileID: 770982702}
  - {fileID: 50330655}
  - {fileID: 517330387}
  - {fileID: 2027706320}
  - {fileID: 1773945847}
  - {fileID: 1525382010}
  - {fileID: 414290570}
  - {fileID: 1640342326}
  - {fileID: 635695846}
  - {fileID: 2065661178}
  - {fileID: 55325170}
  - {fileID: 1545141824}
  - {fileID: 557545929}
  - {fileID: 1873552064}
  - {fileID: 449419051}
  - {fileID: 1657745638}
  - {fileID: 1058728237}
  - {fileID: 1137315408}
  - {fileID: 1747735553}
  - {fileID: 377942779}
  - {fileID: 1006080572}
  - {fileID: 153398833}
  - {fileID: 900723156}
  - {fileID: 735316944}
  m_BlendShapeWeights: []
  m_RootBone: {fileID: 832393019}
  m_AABB:
    m_Center: {x: .00117886066, y: -3.7250843, z: 2.2987709}
    m_Extent: {x: 2.64986515, y: 20.6477013, z: 10.0467119}
  m_DirtyAABB: 0
--- !u!137 &172952790
SkinnedMeshRenderer:
  m_ObjectHideFlags: 0
  m_PrefabParentObject: {fileID: 13700004, guid: 24df20f059a511b419077a3c8bc0187f,
    type: 3}
  m_PrefabInternal: {fileID: 172952787}
  m_GameObject: {fileID: 2000588590}
  m_Enabled: 1
  m_CastShadows: 1
  m_ReceiveShadows: 1
  m_Materials:
  - {fileID: 2100000, guid: e61096368e13ff044b3c089ea9e2d16d, type: 2}
  - {fileID: 2100000, guid: 746ae18ae957e21459640daa6bc29864, type: 2}
  m_SubsetIndices: 
  m_StaticBatchRoot: {fileID: 0}
  m_UseLightProbes: 1
  m_ReflectionProbeUsage: 1
  m_ProbeAnchor: {fileID: 0}
  m_ScaleInLightmap: 1
  m_PreserveUVs: 0
  m_ImportantGI: 0
  m_AutoUVMaxDistance: .5
  m_AutoUVMaxAngle: 89
  m_LightmapParameters: {fileID: 0}
  m_SortingLayerID: 0
  m_SortingOrder: 0
  serializedVersion: 2
  m_Quality: 0
  m_UpdateWhenOffscreen: 0
  m_Mesh: {fileID: 4300008, guid: 24df20f059a511b419077a3c8bc0187f, type: 3}
  m_Bones:
  - {fileID: 832393019}
  - {fileID: 1714968876}
  - {fileID: 26925029}
  - {fileID: 1274854564}
  - {fileID: 2092693748}
  - {fileID: 2131833797}
  - {fileID: 2053784099}
  - {fileID: 90717719}
  - {fileID: 1483380016}
  - {fileID: 1959636654}
  - {fileID: 1304216596}
  - {fileID: 229724778}
  - {fileID: 862586467}
  - {fileID: 1232664966}
  - {fileID: 974959046}
  - {fileID: 778166319}
  - {fileID: 2005469414}
  - {fileID: 218974551}
  - {fileID: 53771734}
  - {fileID: 2013934086}
  - {fileID: 544732762}
  - {fileID: 1331048523}
  - {fileID: 497353934}
  - {fileID: 811586614}
  - {fileID: 1053722173}
  - {fileID: 295304269}
  - {fileID: 852417304}
  - {fileID: 381927305}
  - {fileID: 1397514209}
  - {fileID: 77727464}
  - {fileID: 1844534261}
  - {fileID: 262189893}
  - {fileID: 114254375}
  - {fileID: 567461602}
  - {fileID: 889076085}
  - {fileID: 1230972170}
  - {fileID: 770982702}
  - {fileID: 50330655}
  - {fileID: 517330387}
  - {fileID: 2027706320}
  - {fileID: 1773945847}
  - {fileID: 1525382010}
  - {fileID: 414290570}
  - {fileID: 1640342326}
  - {fileID: 635695846}
  - {fileID: 2065661178}
  - {fileID: 55325170}
  - {fileID: 1545141824}
  - {fileID: 557545929}
  - {fileID: 1873552064}
  - {fileID: 449419051}
  - {fileID: 1657745638}
  - {fileID: 1058728237}
  - {fileID: 1137315408}
  - {fileID: 1747735553}
  - {fileID: 377942779}
  - {fileID: 1006080572}
  - {fileID: 153398833}
  - {fileID: 900723156}
  - {fileID: 735316944}
  m_BlendShapeWeights: []
  m_RootBone: {fileID: 832393019}
  m_AABB:
    m_Center: {x: .00117886066, y: -3.87585735, z: 2.28487062}
    m_Extent: {x: 2.73521376, y: 20.8936462, z: 10.0564613}
  m_DirtyAABB: 0
--- !u!1 &174340443
GameObject:
  m_ObjectHideFlags: 0
  m_PrefabParentObject: {fileID: 100152, guid: 24df20f059a511b419077a3c8bc0187f, type: 3}
  m_PrefabInternal: {fileID: 172952787}
  serializedVersion: 4
  m_Component:
  - 4: {fileID: 174340444}
  - 137: {fileID: 172952788}
  m_Layer: 0
  m_Name: comp_LOD_1
  m_TagString: Untagged
  m_Icon: {fileID: 0}
  m_NavMeshLayer: 0
  m_StaticEditorFlags: 0
  m_IsActive: 1
--- !u!4 &174340444
Transform:
  m_ObjectHideFlags: 0
  m_PrefabParentObject: {fileID: 400152, guid: 24df20f059a511b419077a3c8bc0187f, type: 3}
  m_PrefabInternal: {fileID: 172952787}
  m_GameObject: {fileID: 174340443}
  m_LocalRotation: {x: 0, y: 0, z: 0, w: 1}
  m_LocalPosition: {x: 0, y: 0, z: 0}
  m_LocalScale: {x: 1, y: 1, z: 1}
  m_Children: []
  m_Father: {fileID: 1589920489}
  m_RootOrder: 2
--- !u!1 &218974550
GameObject:
  m_ObjectHideFlags: 0
  m_PrefabParentObject: {fileID: 100072, guid: 24df20f059a511b419077a3c8bc0187f, type: 3}
  m_PrefabInternal: {fileID: 172952787}
  serializedVersion: 4
  m_Component:
  - 4: {fileID: 218974551}
  m_Layer: 0
  m_Name: right finger4
  m_TagString: Untagged
  m_Icon: {fileID: 0}
  m_NavMeshLayer: 0
  m_StaticEditorFlags: 0
  m_IsActive: 1
--- !u!4 &218974551
Transform:
  m_ObjectHideFlags: 0
  m_PrefabParentObject: {fileID: 400072, guid: 24df20f059a511b419077a3c8bc0187f, type: 3}
  m_PrefabInternal: {fileID: 172952787}
  m_GameObject: {fileID: 218974550}
  m_LocalRotation: {x: 3.64153152e-14, y: 1.49011601e-06, z: 2.32830892e-08, w: 1}
  m_LocalPosition: {x: -.220422268, y: .00505973212, z: .315591663}
  m_LocalScale: {x: 1, y: 1, z: 1.00000012}
  m_Children:
  - {fileID: 53771734}
  m_Father: {fileID: 2005469414}
  m_RootOrder: 0
--- !u!1 &229724777
GameObject:
  m_ObjectHideFlags: 0
  m_PrefabParentObject: {fileID: 100026, guid: 24df20f059a511b419077a3c8bc0187f, type: 3}
  m_PrefabInternal: {fileID: 172952787}
  serializedVersion: 4
  m_Component:
  - 4: {fileID: 229724778}
  m_Layer: 0
  m_Name: left finger4
  m_TagString: Untagged
  m_Icon: {fileID: 0}
  m_NavMeshLayer: 0
  m_StaticEditorFlags: 0
  m_IsActive: 1
--- !u!4 &229724778
Transform:
  m_ObjectHideFlags: 0
  m_PrefabParentObject: {fileID: 400026, guid: 24df20f059a511b419077a3c8bc0187f, type: 3}
  m_PrefabInternal: {fileID: 172952787}
  m_GameObject: {fileID: 229724777}
  m_LocalRotation: {x: 8.4504436e-06, y: 8.38722281e-06, z: -.707106829, w: .707106709}
  m_LocalPosition: {x: -.00505971909, y: .220415115, z: .315597534}
  m_LocalScale: {x: 1, y: 1, z: 1}
  m_Children:
  - {fileID: 862586467}
  m_Father: {fileID: 1304216596}
  m_RootOrder: 0
--- !u!1 &262189892
GameObject:
  m_ObjectHideFlags: 0
  m_PrefabParentObject: {fileID: 100136, guid: 24df20f059a511b419077a3c8bc0187f, type: 3}
  m_PrefabInternal: {fileID: 172952787}
  serializedVersion: 4
  m_Component:
  - 4: {fileID: 262189893}
  m_Layer: 0
  m_Name: tongue2
  m_TagString: Untagged
  m_Icon: {fileID: 0}
  m_NavMeshLayer: 0
  m_StaticEditorFlags: 0
  m_IsActive: 1
--- !u!4 &262189893
Transform:
  m_ObjectHideFlags: 0
  m_PrefabParentObject: {fileID: 400136, guid: 24df20f059a511b419077a3c8bc0187f, type: 3}
  m_PrefabInternal: {fileID: 172952787}
  m_GameObject: {fileID: 262189892}
  m_LocalRotation: {x: -.137495384, y: 0, z: -0, w: .990502417}
  m_LocalPosition: {x: -1.86264515e-09, y: 1.41834533, z: .0574183464}
  m_LocalScale: {x: 1, y: .999999881, z: .999999881}
  m_Children: []
  m_Father: {fileID: 1844534261}
  m_RootOrder: 0
--- !u!1 &295304268
GameObject:
  m_ObjectHideFlags: 0
  m_PrefabParentObject: {fileID: 100066, guid: 24df20f059a511b419077a3c8bc0187f, type: 3}
  m_PrefabInternal: {fileID: 172952787}
  serializedVersion: 4
  m_Component:
  - 4: {fileID: 295304269}
  m_Layer: 0
  m_Name: right eye
  m_TagString: Untagged
  m_Icon: {fileID: 0}
  m_NavMeshLayer: 0
  m_StaticEditorFlags: 0
  m_IsActive: 1
--- !u!4 &295304269
Transform:
  m_ObjectHideFlags: 0
  m_PrefabParentObject: {fileID: 400066, guid: 24df20f059a511b419077a3c8bc0187f, type: 3}
  m_PrefabInternal: {fileID: 172952787}
  m_GameObject: {fileID: 295304268}
  m_LocalRotation: {x: 0, y: 0, z: -.707106829, w: .707106709}
  m_LocalPosition: {x: .784026265, y: .808806419, z: .0810337067}
  m_LocalScale: {x: 1, y: 1, z: 1}
  m_Children: []
  m_Father: {fileID: 1053722173}
  m_RootOrder: 1
--- !u!1 &342472314
GameObject:
  m_ObjectHideFlags: 0
  m_PrefabParentObject: {fileID: 0}
  m_PrefabInternal: {fileID: 0}
  serializedVersion: 4
  m_Component:
  - 4: {fileID: 342472315}
  - 65: {fileID: 342472316}
  m_Layer: 1
  m_Name: limit_colF
  m_TagString: Untagged
  m_Icon: {fileID: 0}
  m_NavMeshLayer: 0
  m_StaticEditorFlags: 0
  m_IsActive: 1
--- !u!4 &342472315
Transform:
  m_ObjectHideFlags: 0
  m_PrefabParentObject: {fileID: 0}
  m_PrefabInternal: {fileID: 0}
  m_GameObject: {fileID: 342472314}
  m_LocalRotation: {x: 0, y: 0, z: 0, w: 1}
  m_LocalPosition: {x: 100, y: 10, z: 185}
  m_LocalScale: {x: 200, y: 50, z: 2}
  m_Children: []
  m_Father: {fileID: 1071720517}
  m_RootOrder: 2
--- !u!65 &342472316
BoxCollider:
  m_ObjectHideFlags: 0
  m_PrefabParentObject: {fileID: 0}
  m_PrefabInternal: {fileID: 0}
  m_GameObject: {fileID: 342472314}
  m_Material: {fileID: 0}
  m_IsTrigger: 0
  m_Enabled: 1
  serializedVersion: 2
  m_Size: {x: 1, y: 1, z: 1}
  m_Center: {x: 0, y: 0, z: 0}
--- !u!1 &377942778
GameObject:
  m_ObjectHideFlags: 0
  m_PrefabParentObject: {fileID: 100034, guid: 24df20f059a511b419077a3c8bc0187f, type: 3}
  m_PrefabInternal: {fileID: 172952787}
  serializedVersion: 4
  m_Component:
  - 4: {fileID: 377942779}
  m_Layer: 0
  m_Name: left foot1
  m_TagString: Untagged
  m_Icon: {fileID: 0}
  m_NavMeshLayer: 0
  m_StaticEditorFlags: 0
  m_IsActive: 1
--- !u!4 &377942779
Transform:
  m_ObjectHideFlags: 0
  m_PrefabParentObject: {fileID: 400034, guid: 24df20f059a511b419077a3c8bc0187f, type: 3}
  m_PrefabInternal: {fileID: 172952787}
  m_GameObject: {fileID: 377942778}
  m_LocalRotation: {x: 0, y: 0, z: 0, w: 1}
  m_LocalPosition: {x: .0147678852, y: .390708327, z: 1.87827122}
  m_LocalScale: {x: 1, y: 1, z: 1}
  m_Children:
  - {fileID: 1006080572}
  m_Father: {fileID: 1747735553}
  m_RootOrder: 0
--- !u!1 &381927304
GameObject:
  m_ObjectHideFlags: 0
  m_PrefabParentObject: {fileID: 100010, guid: 24df20f059a511b419077a3c8bc0187f, type: 3}
  m_PrefabInternal: {fileID: 172952787}
  serializedVersion: 4
  m_Component:
  - 4: {fileID: 381927305}
  m_Layer: 0
  m_Name: jaw0
  m_TagString: Untagged
  m_Icon: {fileID: 0}
  m_NavMeshLayer: 0
  m_StaticEditorFlags: 0
  m_IsActive: 1
--- !u!4 &381927305
Transform:
  m_ObjectHideFlags: 0
  m_PrefabParentObject: {fileID: 400010, guid: 24df20f059a511b419077a3c8bc0187f, type: 3}
  m_PrefabInternal: {fileID: 172952787}
  m_GameObject: {fileID: 381927304}
  m_LocalRotation: {x: .102291875, y: 0, z: -0, w: .994754434}
  m_LocalPosition: {x: 1.63912773e-07, y: 1.19744205, z: 1.11244774}
  m_LocalScale: {x: 1, y: 1, z: 1}
  m_Children:
  - {fileID: 1397514209}
  - {fileID: 77727464}
  m_Father: {fileID: 811586614}
  m_RootOrder: 1
--- !u!1 &414290569
GameObject:
  m_ObjectHideFlags: 0
  m_PrefabParentObject: {fileID: 100126, guid: 24df20f059a511b419077a3c8bc0187f, type: 3}
  m_PrefabInternal: {fileID: 172952787}
  serializedVersion: 4
  m_Component:
  - 4: {fileID: 414290570}
  m_Layer: 0
  m_Name: tail7
  m_TagString: Untagged
  m_Icon: {fileID: 0}
  m_NavMeshLayer: 0
  m_StaticEditorFlags: 0
  m_IsActive: 1
--- !u!4 &414290570
Transform:
  m_ObjectHideFlags: 0
  m_PrefabParentObject: {fileID: 400126, guid: 24df20f059a511b419077a3c8bc0187f, type: 3}
  m_PrefabInternal: {fileID: 172952787}
  m_GameObject: {fileID: 414290569}
  m_LocalRotation: {x: 0, y: 0, z: 0, w: 1}
  m_LocalPosition: {x: -3.35276127e-08, y: -2.45385742, z: .061624527}
  m_LocalScale: {x: 1, y: 1, z: 1}
  m_Children:
  - {fileID: 1640342326}
  m_Father: {fileID: 1525382010}
  m_RootOrder: 0
--- !u!1 &449419050
GameObject:
  m_ObjectHideFlags: 0
  m_PrefabParentObject: {fileID: 100092, guid: 24df20f059a511b419077a3c8bc0187f, type: 3}
  m_PrefabInternal: {fileID: 172952787}
  serializedVersion: 4
  m_Component:
  - 4: {fileID: 449419051}
  m_Layer: 0
  m_Name: right toe1
  m_TagString: Untagged
  m_Icon: {fileID: 0}
  m_NavMeshLayer: 0
  m_StaticEditorFlags: 0
  m_IsActive: 1
--- !u!4 &449419051
Transform:
  m_ObjectHideFlags: 0
  m_PrefabParentObject: {fileID: 400092, guid: 24df20f059a511b419077a3c8bc0187f, type: 3}
  m_PrefabInternal: {fileID: 172952787}
  m_GameObject: {fileID: 449419050}
  m_LocalRotation: {x: 0, y: 0, z: 0, w: 1}
  m_LocalPosition: {x: -.780455291, y: -.0418612957, z: .057700932}
  m_LocalScale: {x: 1, y: 1, z: 1}
  m_Children:
  - {fileID: 1657745638}
  m_Father: {fileID: 1873552064}
  m_RootOrder: 0
--- !u!1 &497353933
GameObject:
  m_ObjectHideFlags: 0
  m_PrefabParentObject: {fileID: 100058, guid: 24df20f059a511b419077a3c8bc0187f, type: 3}
  m_PrefabInternal: {fileID: 172952787}
  serializedVersion: 4
  m_Component:
  - 4: {fileID: 497353934}
  m_Layer: 0
  m_Name: neck3
  m_TagString: Untagged
  m_Icon: {fileID: 0}
  m_NavMeshLayer: 0
  m_StaticEditorFlags: 0
  m_IsActive: 1
--- !u!4 &497353934
Transform:
  m_ObjectHideFlags: 0
  m_PrefabParentObject: {fileID: 400058, guid: 24df20f059a511b419077a3c8bc0187f, type: 3}
  m_PrefabInternal: {fileID: 172952787}
  m_GameObject: {fileID: 497353933}
  m_LocalRotation: {x: 0, y: 0, z: 0, w: 1}
  m_LocalPosition: {x: 1.86264515e-09, y: .76677227, z: -1.15202522}
  m_LocalScale: {x: 1, y: 1, z: 1}
  m_Children:
  - {fileID: 811586614}
  m_Father: {fileID: 1331048523}
  m_RootOrder: 0
--- !u!1 &517330386
GameObject:
  m_ObjectHideFlags: 0
  m_PrefabParentObject: {fileID: 100118, guid: 24df20f059a511b419077a3c8bc0187f, type: 3}
  m_PrefabInternal: {fileID: 172952787}
  serializedVersion: 4
  m_Component:
  - 4: {fileID: 517330387}
  m_Layer: 0
  m_Name: tail3
  m_TagString: Untagged
  m_Icon: {fileID: 0}
  m_NavMeshLayer: 0
  m_StaticEditorFlags: 0
  m_IsActive: 1
--- !u!4 &517330387
Transform:
  m_ObjectHideFlags: 0
  m_PrefabParentObject: {fileID: 400118, guid: 24df20f059a511b419077a3c8bc0187f, type: 3}
  m_PrefabInternal: {fileID: 172952787}
  m_GameObject: {fileID: 517330386}
  m_LocalRotation: {x: 0, y: 0, z: 0, w: 1}
  m_LocalPosition: {x: -3.7252903e-08, y: -2.92763615, z: .0200138092}
  m_LocalScale: {x: 1, y: 1, z: 1}
  m_Children:
  - {fileID: 2027706320}
  m_Father: {fileID: 50330655}
  m_RootOrder: 0
--- !u!1 &544732761
GameObject:
  m_ObjectHideFlags: 0
  m_PrefabParentObject: {fileID: 100054, guid: 24df20f059a511b419077a3c8bc0187f, type: 3}
  m_PrefabInternal: {fileID: 172952787}
  serializedVersion: 4
  m_Component:
  - 4: {fileID: 544732762}
  m_Layer: 0
  m_Name: neck1
  m_TagString: Untagged
  m_Icon: {fileID: 0}
  m_NavMeshLayer: 0
  m_StaticEditorFlags: 0
  m_IsActive: 1
--- !u!4 &544732762
Transform:
  m_ObjectHideFlags: 0
  m_PrefabParentObject: {fileID: 400054, guid: 24df20f059a511b419077a3c8bc0187f, type: 3}
  m_PrefabInternal: {fileID: 172952787}
  m_GameObject: {fileID: 544732761}
  m_LocalRotation: {x: 0, y: 0, z: 0, w: 1}
  m_LocalPosition: {x: 2.14204192e-08, y: 1.75431347, z: -1.61722565}
  m_LocalScale: {x: 1, y: 1, z: 1}
  m_Children:
  - {fileID: 1331048523}
  m_Father: {fileID: 2013934086}
  m_RootOrder: 0
--- !u!1 &557545928
GameObject:
  m_ObjectHideFlags: 0
  m_PrefabParentObject: {fileID: 100082, guid: 24df20f059a511b419077a3c8bc0187f, type: 3}
  m_PrefabInternal: {fileID: 172952787}
  serializedVersion: 4
  m_Component:
  - 4: {fileID: 557545929}
  m_Layer: 0
  m_Name: right foot2
  m_TagString: Untagged
  m_Icon: {fileID: 0}
  m_NavMeshLayer: 0
  m_StaticEditorFlags: 0
  m_IsActive: 1
--- !u!4 &557545929
Transform:
  m_ObjectHideFlags: 0
  m_PrefabParentObject: {fileID: 400082, guid: 24df20f059a511b419077a3c8bc0187f, type: 3}
  m_PrefabInternal: {fileID: 172952787}
  m_GameObject: {fileID: 557545928}
  m_LocalRotation: {x: 0, y: 0, z: 0, w: 1}
  m_LocalPosition: {x: -.541780829, y: .0159493685, z: 1.08872962}
  m_LocalScale: {x: 1, y: 1, z: 1}
  m_Children:
  - {fileID: 1873552064}
  m_Father: {fileID: 1545141824}
  m_RootOrder: 0
--- !u!1 &567461601
GameObject:
  m_ObjectHideFlags: 0
  m_PrefabParentObject: {fileID: 100142, guid: 24df20f059a511b419077a3c8bc0187f, type: 3}
  m_PrefabInternal: {fileID: 172952787}
  serializedVersion: 4
  m_Component:
  - 4: {fileID: 567461602}
  m_Layer: 0
  m_Name: Left Torso
  m_TagString: Untagged
  m_Icon: {fileID: 0}
  m_NavMeshLayer: 0
  m_StaticEditorFlags: 0
  m_IsActive: 1
--- !u!4 &567461602
Transform:
  m_ObjectHideFlags: 0
  m_PrefabParentObject: {fileID: 400142, guid: 24df20f059a511b419077a3c8bc0187f, type: 3}
  m_PrefabInternal: {fileID: 172952787}
  m_GameObject: {fileID: 567461601}
  m_LocalRotation: {x: .500000119, y: .49999994, z: .500000119, w: -.49999997}
  m_LocalPosition: {x: -1.74409366, y: .957320213, z: 3.04530144}
  m_LocalScale: {x: .99999994, y: 1, z: 1}
  m_Children: []
  m_Father: {fileID: 1274854564}
  m_RootOrder: 0
--- !u!1 &586944443
GameObject:
  m_ObjectHideFlags: 0
  m_PrefabParentObject: {fileID: 0}
  m_PrefabInternal: {fileID: 0}
  serializedVersion: 4
  m_Component:
  - 4: {fileID: 586944444}
  - 65: {fileID: 586944445}
  m_Layer: 1
  m_Name: limit_colL
  m_TagString: Untagged
  m_Icon: {fileID: 0}
  m_NavMeshLayer: 0
  m_StaticEditorFlags: 0
  m_IsActive: 1
--- !u!4 &586944444
Transform:
  m_ObjectHideFlags: 0
  m_PrefabParentObject: {fileID: 0}
  m_PrefabInternal: {fileID: 0}
  m_GameObject: {fileID: 586944443}
  m_LocalRotation: {x: 0, y: .707106829, z: 0, w: .707106709}
  m_LocalPosition: {x: 15, y: 10, z: 100}
  m_LocalScale: {x: 200.000015, y: 50, z: 2}
  m_Children: []
  m_Father: {fileID: 1071720517}
  m_RootOrder: 4
--- !u!65 &586944445
BoxCollider:
  m_ObjectHideFlags: 0
  m_PrefabParentObject: {fileID: 0}
  m_PrefabInternal: {fileID: 0}
  m_GameObject: {fileID: 586944443}
  m_Material: {fileID: 0}
  m_IsTrigger: 0
  m_Enabled: 1
  serializedVersion: 2
  m_Size: {x: 1, y: 1, z: 1}
  m_Center: {x: 0, y: 0, z: 0}
--- !u!1001 &591467445
Prefab:
  m_ObjectHideFlags: 0
  serializedVersion: 2
  m_Modification:
    m_TransformParent: {fileID: 1071720517}
    m_Modifications:
    - target: {fileID: 400000, guid: 780611a67e8e941a2b3aa96e5915a793, type: 2}
      propertyPath: m_LocalPosition.x
      value: 142.790009
      objectReference: {fileID: 0}
    - target: {fileID: 400000, guid: 780611a67e8e941a2b3aa96e5915a793, type: 2}
      propertyPath: m_LocalPosition.y
      value: 1.36000001
      objectReference: {fileID: 0}
    - target: {fileID: 400000, guid: 780611a67e8e941a2b3aa96e5915a793, type: 2}
      propertyPath: m_LocalPosition.z
      value: 125.300003
      objectReference: {fileID: 0}
    - target: {fileID: 400000, guid: 780611a67e8e941a2b3aa96e5915a793, type: 2}
      propertyPath: m_LocalRotation.x
      value: 0
      objectReference: {fileID: 0}
    - target: {fileID: 400000, guid: 780611a67e8e941a2b3aa96e5915a793, type: 2}
      propertyPath: m_LocalRotation.y
      value: 0
      objectReference: {fileID: 0}
    - target: {fileID: 400000, guid: 780611a67e8e941a2b3aa96e5915a793, type: 2}
      propertyPath: m_LocalRotation.z
      value: 0
      objectReference: {fileID: 0}
    - target: {fileID: 400000, guid: 780611a67e8e941a2b3aa96e5915a793, type: 2}
      propertyPath: m_LocalRotation.w
      value: 1
      objectReference: {fileID: 0}
    - target: {fileID: 400000, guid: 780611a67e8e941a2b3aa96e5915a793, type: 2}
      propertyPath: m_RootOrder
      value: 5
      objectReference: {fileID: 0}
    - target: {fileID: 400000, guid: 780611a67e8e941a2b3aa96e5915a793, type: 2}
      propertyPath: m_LocalScale.x
      value: 38.0892563
      objectReference: {fileID: 0}
    - target: {fileID: 400000, guid: 780611a67e8e941a2b3aa96e5915a793, type: 2}
      propertyPath: m_LocalScale.y
      value: 10
      objectReference: {fileID: 0}
    - target: {fileID: 400000, guid: 780611a67e8e941a2b3aa96e5915a793, type: 2}
      propertyPath: m_LocalScale.z
      value: 36.423317
      objectReference: {fileID: 0}
    m_RemovedComponents: []
  m_ParentPrefab: {fileID: 100100000, guid: 780611a67e8e941a2b3aa96e5915a793, type: 2}
  m_RootGameObject: {fileID: 1461224143}
  m_IsPrefabParent: 0
--- !u!4 &591467446
Transform:
  m_ObjectHideFlags: 0
  m_PrefabParentObject: {fileID: 400000, guid: 780611a67e8e941a2b3aa96e5915a793, type: 2}
  m_PrefabInternal: {fileID: 591467445}
  m_GameObject: {fileID: 1461224143}
  m_LocalRotation: {x: 0, y: 0, z: 0, w: 1}
  m_LocalPosition: {x: 142.790009, y: 1.36000001, z: 125.300003}
  m_LocalScale: {x: 38.0892563, y: 10, z: 36.423317}
  m_Children: []
  m_Father: {fileID: 1071720517}
  m_RootOrder: 5
--- !u!1 &635695845
GameObject:
  m_ObjectHideFlags: 0
  m_PrefabParentObject: {fileID: 100086, guid: 24df20f059a511b419077a3c8bc0187f, type: 3}
  m_PrefabInternal: {fileID: 172952787}
  serializedVersion: 4
  m_Component:
  - 4: {fileID: 635695846}
  m_Layer: 0
  m_Name: right leg0
  m_TagString: Untagged
  m_Icon: {fileID: 0}
  m_NavMeshLayer: 0
  m_StaticEditorFlags: 0
  m_IsActive: 1
--- !u!4 &635695846
Transform:
  m_ObjectHideFlags: 0
  m_PrefabParentObject: {fileID: 400086, guid: 24df20f059a511b419077a3c8bc0187f, type: 3}
  m_PrefabInternal: {fileID: 172952787}
  m_GameObject: {fileID: 635695845}
  m_LocalRotation: {x: 0, y: 0, z: -.707106829, w: .707106709}
  m_LocalPosition: {x: 1.87429941, y: .274718225, z: 1.51226521}
  m_LocalScale: {x: 1, y: 1, z: 1}
  m_Children:
  - {fileID: 2065661178}
  m_Father: {fileID: 889076085}
  m_RootOrder: 1
--- !u!1 &735316943
GameObject:
  m_ObjectHideFlags: 0
  m_PrefabParentObject: {fileID: 100048, guid: 24df20f059a511b419077a3c8bc0187f, type: 3}
  m_PrefabInternal: {fileID: 172952787}
  serializedVersion: 4
  m_Component:
  - 4: {fileID: 735316944}
  m_Layer: 0
  m_Name: left toe2
  m_TagString: Untagged
  m_Icon: {fileID: 0}
  m_NavMeshLayer: 0
  m_StaticEditorFlags: 0
  m_IsActive: 1
--- !u!4 &735316944
Transform:
  m_ObjectHideFlags: 0
  m_PrefabParentObject: {fileID: 400048, guid: 24df20f059a511b419077a3c8bc0187f, type: 3}
  m_PrefabInternal: {fileID: 172952787}
  m_GameObject: {fileID: 735316943}
  m_LocalRotation: {x: 0, y: 0, z: 0, w: 1}
  m_LocalPosition: {x: 5.96046448e-08, y: .00868380815, z: .6148929}
  m_LocalScale: {x: 1, y: 1, z: 1}
  m_Children: []
  m_Father: {fileID: 900723156}
  m_RootOrder: 0
--- !u!1 &770982701
GameObject:
  m_ObjectHideFlags: 0
  m_PrefabParentObject: {fileID: 100114, guid: 24df20f059a511b419077a3c8bc0187f, type: 3}
  m_PrefabInternal: {fileID: 172952787}
  serializedVersion: 4
  m_Component:
  - 4: {fileID: 770982702}
  m_Layer: 0
  m_Name: tail1
  m_TagString: Untagged
  m_Icon: {fileID: 0}
  m_NavMeshLayer: 0
  m_StaticEditorFlags: 0
  m_IsActive: 1
--- !u!4 &770982702
Transform:
  m_ObjectHideFlags: 0
  m_PrefabParentObject: {fileID: 400114, guid: 24df20f059a511b419077a3c8bc0187f, type: 3}
  m_PrefabInternal: {fileID: 172952787}
  m_GameObject: {fileID: 770982701}
  m_LocalRotation: {x: 0, y: 0, z: 0, w: 1}
  m_LocalPosition: {x: -2.98023224e-08, y: -2.6223526, z: -.0721416473}
  m_LocalScale: {x: 1, y: 1, z: 1}
  m_Children:
  - {fileID: 50330655}
  m_Father: {fileID: 1230972170}
  m_RootOrder: 0
--- !u!1 &778166318
GameObject:
  m_ObjectHideFlags: 0
  m_PrefabParentObject: {fileID: 100084, guid: 24df20f059a511b419077a3c8bc0187f, type: 3}
  m_PrefabInternal: {fileID: 172952787}
  serializedVersion: 4
  m_Component:
  - 4: {fileID: 778166319}
  m_Layer: 0
  m_Name: right hand
  m_TagString: Untagged
  m_Icon: {fileID: 0}
  m_NavMeshLayer: 0
  m_StaticEditorFlags: 0
  m_IsActive: 1
--- !u!4 &778166319
Transform:
  m_ObjectHideFlags: 0
  m_PrefabParentObject: {fileID: 400084, guid: 24df20f059a511b419077a3c8bc0187f, type: 3}
  m_PrefabInternal: {fileID: 172952787}
  m_GameObject: {fileID: 778166318}
  m_LocalRotation: {x: 4.15857073e-08, y: .366910189, z: -1.64021667e-08, w: .930256426}
  m_LocalPosition: {x: -1.56458521, y: .00941705704, z: 1.04645252}
  m_LocalScale: {x: .999999881, y: 1, z: .999999881}
  m_Children:
  - {fileID: 2005469414}
  m_Father: {fileID: 974959046}
  m_RootOrder: 0
--- !u!1 &811586613
GameObject:
  m_ObjectHideFlags: 0
  m_PrefabParentObject: {fileID: 100008, guid: 24df20f059a511b419077a3c8bc0187f, type: 3}
  m_PrefabInternal: {fileID: 172952787}
  serializedVersion: 4
  m_Component:
  - 4: {fileID: 811586614}
  m_Layer: 0
  m_Name: head
  m_TagString: Untagged
  m_Icon: {fileID: 0}
  m_NavMeshLayer: 0
  m_StaticEditorFlags: 0
  m_IsActive: 1
--- !u!4 &811586614
Transform:
  m_ObjectHideFlags: 0
  m_PrefabParentObject: {fileID: 400008, guid: 24df20f059a511b419077a3c8bc0187f, type: 3}
  m_PrefabInternal: {fileID: 172952787}
  m_GameObject: {fileID: 811586613}
  m_LocalRotation: {x: 0, y: 0, z: 0, w: 1}
  m_LocalPosition: {x: 3.53902578e-08, y: 1.34115219, z: -1.28973007}
  m_LocalScale: {x: 1, y: 1, z: 1}
  m_Children:
  - {fileID: 1053722173}
  - {fileID: 381927305}
  m_Father: {fileID: 497353934}
  m_RootOrder: 0
--- !u!1 &821882931
GameObject:
  m_ObjectHideFlags: 0
  m_PrefabParentObject: {fileID: 0}
  m_PrefabInternal: {fileID: 0}
  serializedVersion: 4
  m_Component:
  - 4: {fileID: 821882933}
  - 65: {fileID: 821882932}
  m_Layer: 1
  m_Name: limit_colT
  m_TagString: Untagged
  m_Icon: {fileID: 0}
  m_NavMeshLayer: 0
  m_StaticEditorFlags: 0
  m_IsActive: 1
--- !u!65 &821882932
BoxCollider:
  m_ObjectHideFlags: 0
  m_PrefabParentObject: {fileID: 0}
  m_PrefabInternal: {fileID: 0}
  m_GameObject: {fileID: 821882931}
  m_Material: {fileID: 0}
  m_IsTrigger: 0
  m_Enabled: 1
  serializedVersion: 2
  m_Size: {x: 1, y: 1, z: 1}
  m_Center: {x: 0, y: 0, z: 0}
--- !u!4 &821882933
Transform:
  m_ObjectHideFlags: 0
  m_PrefabParentObject: {fileID: 0}
  m_PrefabInternal: {fileID: 0}
  m_GameObject: {fileID: 821882931}
  m_LocalRotation: {x: 0, y: 0, z: 0, w: 1}
  m_LocalPosition: {x: 100, y: 30, z: 100}
  m_LocalScale: {x: 200, y: 2, z: 200}
  m_Children: []
  m_Father: {fileID: 1071720517}
  m_RootOrder: 0
--- !u!1 &832393018
GameObject:
  m_ObjectHideFlags: 0
  m_PrefabParentObject: {fileID: 100098, guid: 24df20f059a511b419077a3c8bc0187f, type: 3}
  m_PrefabInternal: {fileID: 172952787}
  serializedVersion: 4
  m_Component:
  - 4: {fileID: 832393019}
  m_Layer: 0
  m_Name: root
  m_TagString: Untagged
  m_Icon: {fileID: 0}
  m_NavMeshLayer: 0
  m_StaticEditorFlags: 0
  m_IsActive: 1
--- !u!4 &832393019
Transform:
  m_ObjectHideFlags: 0
  m_PrefabParentObject: {fileID: 400098, guid: 24df20f059a511b419077a3c8bc0187f, type: 3}
  m_PrefabInternal: {fileID: 172952787}
  m_GameObject: {fileID: 832393018}
  m_LocalRotation: {x: -.707106709, y: .707106829, z: -3.09086232e-08, w: 3.09086161e-08}
  m_LocalPosition: {x: -.681566238, y: .00117877987, z: 12.8527594}
  m_LocalScale: {x: 1, y: 1, z: 1}
  m_Children:
  - {fileID: 889076085}
  - {fileID: 1714968876}
  m_Father: {fileID: 120034687}
  m_RootOrder: 0
--- !u!1 &852417303
GameObject:
  m_ObjectHideFlags: 0
  m_PrefabParentObject: {fileID: 100020, guid: 24df20f059a511b419077a3c8bc0187f, type: 3}
  m_PrefabInternal: {fileID: 172952787}
  serializedVersion: 4
  m_Component:
  - 4: {fileID: 852417304}
  m_Layer: 0
  m_Name: left eye
  m_TagString: Untagged
  m_Icon: {fileID: 0}
  m_NavMeshLayer: 0
  m_StaticEditorFlags: 0
  m_IsActive: 1
--- !u!4 &852417304
Transform:
  m_ObjectHideFlags: 0
  m_PrefabParentObject: {fileID: 400020, guid: 24df20f059a511b419077a3c8bc0187f, type: 3}
  m_PrefabInternal: {fileID: 172952787}
  m_GameObject: {fileID: 852417303}
  m_LocalRotation: {x: -.49999997, y: -.50000006, z: -.49999994, w: .50000006}
  m_LocalPosition: {x: -.781669199, y: .808806419, z: .0810337067}
  m_LocalScale: {x: 1, y: 1, z: 1}
  m_Children: []
  m_Father: {fileID: 1053722173}
  m_RootOrder: 0
--- !u!1 &862586466
GameObject:
  m_ObjectHideFlags: 0
  m_PrefabParentObject: {fileID: 100028, guid: 24df20f059a511b419077a3c8bc0187f, type: 3}
  m_PrefabInternal: {fileID: 172952787}
  serializedVersion: 4
  m_Component:
  - 4: {fileID: 862586467}
  m_Layer: 0
  m_Name: left finger5
  m_TagString: Untagged
  m_Icon: {fileID: 0}
  m_NavMeshLayer: 0
  m_StaticEditorFlags: 0
  m_IsActive: 1
--- !u!4 &862586467
Transform:
  m_ObjectHideFlags: 0
  m_PrefabParentObject: {fileID: 400028, guid: 24df20f059a511b419077a3c8bc0187f, type: 3}
  m_PrefabInternal: {fileID: 172952787}
  m_GameObject: {fileID: 862586466}
  m_LocalRotation: {x: -8.4188332e-06, y: -8.41883411e-06, z: .707106829, w: .707106709}
  m_LocalPosition: {x: -.0421123505, y: -.0134081207, z: .562748551}
  m_LocalScale: {x: 1, y: 1, z: 1}
  m_Children: []
  m_Father: {fileID: 229724778}
  m_RootOrder: 0
--- !u!1 &889076084
GameObject:
  m_ObjectHideFlags: 0
  m_PrefabParentObject: {fileID: 100060, guid: 24df20f059a511b419077a3c8bc0187f, type: 3}
  m_PrefabInternal: {fileID: 172952787}
  serializedVersion: 4
  m_Component:
  - 4: {fileID: 889076085}
  m_Layer: 0
  m_Name: pelvis
  m_TagString: Untagged
  m_Icon: {fileID: 0}
  m_NavMeshLayer: 0
  m_StaticEditorFlags: 0
  m_IsActive: 1
--- !u!4 &889076085
Transform:
  m_ObjectHideFlags: 0
  m_PrefabParentObject: {fileID: 400060, guid: 24df20f059a511b419077a3c8bc0187f, type: 3}
  m_PrefabInternal: {fileID: 172952787}
  m_GameObject: {fileID: 889076084}
  m_LocalRotation: {x: 0, y: 0, z: 0, w: 1}
  m_LocalPosition: {x: 1.49011612e-08, y: -1.25111926, z: .289465904}
  m_LocalScale: {x: 1, y: 1, z: 1}
  m_Children:
  - {fileID: 1058728237}
  - {fileID: 635695846}
  - {fileID: 1230972170}
  m_Father: {fileID: 832393019}
  m_RootOrder: 0
--- !u!1 &900723155
GameObject:
  m_ObjectHideFlags: 0
  m_PrefabParentObject: {fileID: 100046, guid: 24df20f059a511b419077a3c8bc0187f, type: 3}
  m_PrefabInternal: {fileID: 172952787}
  serializedVersion: 4
  m_Component:
  - 4: {fileID: 900723156}
  m_Layer: 0
  m_Name: left toe1
  m_TagString: Untagged
  m_Icon: {fileID: 0}
  m_NavMeshLayer: 0
  m_StaticEditorFlags: 0
  m_IsActive: 1
--- !u!4 &900723156
Transform:
  m_ObjectHideFlags: 0
  m_PrefabParentObject: {fileID: 400046, guid: 24df20f059a511b419077a3c8bc0187f, type: 3}
  m_PrefabInternal: {fileID: 172952787}
  m_GameObject: {fileID: 900723155}
  m_LocalRotation: {x: 0, y: 0, z: 0, w: 1}
  m_LocalPosition: {x: .0577009916, y: .00166977162, z: .780445337}
  m_LocalScale: {x: 1, y: 1, z: 1}
  m_Children:
  - {fileID: 735316944}
  m_Father: {fileID: 153398833}
  m_RootOrder: 0
--- !u!1 &974959045
GameObject:
  m_ObjectHideFlags: 0
  m_PrefabParentObject: {fileID: 100064, guid: 24df20f059a511b419077a3c8bc0187f, type: 3}
  m_PrefabInternal: {fileID: 172952787}
  serializedVersion: 4
  m_Component:
  - 4: {fileID: 974959046}
  m_Layer: 0
  m_Name: right arm1
  m_TagString: Untagged
  m_Icon: {fileID: 0}
  m_NavMeshLayer: 0
  m_StaticEditorFlags: 0
  m_IsActive: 1
--- !u!4 &974959046
Transform:
  m_ObjectHideFlags: 0
  m_PrefabParentObject: {fileID: 400064, guid: 24df20f059a511b419077a3c8bc0187f, type: 3}
  m_PrefabInternal: {fileID: 172952787}
  m_GameObject: {fileID: 974959045}
  m_LocalRotation: {x: 0, y: 0, z: 0, w: 1}
  m_LocalPosition: {x: .774241447, y: .105517745, z: 2.18223572}
  m_LocalScale: {x: 1, y: 1, z: 1}
  m_Children:
  - {fileID: 778166319}
  m_Father: {fileID: 1232664966}
  m_RootOrder: 0
--- !u!1 &979863290
GameObject:
  m_ObjectHideFlags: 0
  m_PrefabParentObject: {fileID: 100002, guid: 24df20f059a511b419077a3c8bc0187f, type: 3}
  m_PrefabInternal: {fileID: 172952787}
  serializedVersion: 4
  m_Component:
  - 4: {fileID: 1589920489}
  - 95: {fileID: 979863296}
  - 54: {fileID: 979863291}
  - 82: {fileID: 979863293}
  - 65: {fileID: 979863294}
  - 205: {fileID: 979863295}
  - 114: {fileID: 979863292}
  m_Layer: 0
  m_Name: Comp
  m_TagString: Untagged
  m_Icon: {fileID: 0}
  m_NavMeshLayer: 0
  m_StaticEditorFlags: 0
  m_IsActive: 1
--- !u!54 &979863291
Rigidbody:
  m_ObjectHideFlags: 0
  m_PrefabParentObject: {fileID: 0}
  m_PrefabInternal: {fileID: 0}
  m_GameObject: {fileID: 979863290}
  serializedVersion: 2
  m_Mass: 1
  m_Drag: 0
  m_AngularDrag: .0500000007
  m_UseGravity: 1
  m_IsKinematic: 0
  m_Interpolate: 0
  m_Constraints: 112
  m_CollisionDetection: 1
--- !u!114 &979863292
MonoBehaviour:
  m_ObjectHideFlags: 0
  m_PrefabParentObject: {fileID: 0}
  m_PrefabInternal: {fileID: 0}
  m_GameObject: {fileID: 979863290}
  m_Enabled: 1
  m_EditorHideFlags: 0
  m_Script: {fileID: 11500000, guid: e8f119f820e167345bfd26becf760536, type: 3}
  m_Name: 
  m_EditorClassIdentifier: 
  skin:
  - {fileID: 2800000, guid: c26c972d8447c094aa7e4b28bec72ff0, type: 3}
  - {fileID: 2800000, guid: 848098186b431394497d3f2c010168f3, type: 3}
  - {fileID: 2800000, guid: c44c9e5c53a937f4da302d023ea40c2a, type: 3}
  eyes:
  - {fileID: 2800000, guid: 5d89e3d0260633f42841b6cccdfe5903, type: 3}
  - {fileID: 2800000, guid: 0749ffe3e19e141489caff4cfdee7ff8, type: 3}
  - {fileID: 2800000, guid: e44170da555f4d5419bfc19eae61fd78, type: 3}
  - {fileID: 2800000, guid: 2c60a3361e2eaf14da9b552dc5b1620e, type: 3}
  - {fileID: 2800000, guid: 7568b84bb9fe4e2448b9a4af2a6ab881, type: 3}
  - {fileID: 2800000, guid: 5845805cc9b407446939267521b931df, type: 3}
  - {fileID: 2800000, guid: 136cf5ae53f132b4f9c15d8d830ee18b, type: 3}
  - {fileID: 2800000, guid: d973c9172cd1edf4ca621ed6555768d1, type: 3}
  - {fileID: 2800000, guid: efc24bc706fc63041aa29ff309fe335a, type: 3}
  - {fileID: 2800000, guid: 3ec19de5cec51bd4d96a8bb727625d01, type: 3}
  - {fileID: 2800000, guid: bd50a80bf79805d41856b2c58ccd826b, type: 3}
  - {fileID: 2800000, guid: 6520e1abf36abb54e8ba6909ec3a4bc9, type: 3}
  - {fileID: 2800000, guid: b54283945f2b91b4fae72a6264a7b264, type: 3}
  - {fileID: 2800000, guid: b204a159b445efa4bb1212392e67316c, type: 3}
  - {fileID: 2800000, guid: f26fff52d1ee9e2488a0a01344706b76, type: 3}
  - {fileID: 2800000, guid: 560f5cfd85a3a6541aa4cc1dd5b4b775, type: 3}
  Smallstep: {fileID: 8300000, guid: f6a0f45318386754b99868c48bee7258, type: 3}
  Comp_Roar1: {fileID: 8300000, guid: db4167d7cc2b6db48b579071f7d2e99f, type: 3}
  Comp_Roar2: {fileID: 8300000, guid: a2292e63ec83d5143a28708550165642, type: 3}
  Comp_Call1: {fileID: 8300000, guid: a02355daa689bb546b682139a811ae5b, type: 3}
  Comp_Call2: {fileID: 8300000, guid: cc0bd25fdeecfc643bbce0f6d807eb5f, type: 3}
  Comp_Jump: {fileID: 8300000, guid: bd278e38cf28c6c40a44d339c0caadd4, type: 3}
  Bite: {fileID: 8300000, guid: 34e6e77607aab6a41bfe73c97692f420, type: 3}
--- !u!82 &979863293
AudioSource:
  m_ObjectHideFlags: 0
  m_PrefabParentObject: {fileID: 0}
  m_PrefabInternal: {fileID: 0}
  m_GameObject: {fileID: 979863290}
  m_Enabled: 1
  serializedVersion: 4
  OutputAudioMixerGroup: {fileID: 0}
  m_audioClip: {fileID: 0}
  m_PlayOnAwake: 0
  m_Volume: 1
  m_Pitch: 1
  Loop: 0
  Mute: 0
  Priority: 128
  DopplerLevel: 0
  MinDistance: 50
  MaxDistance: 100
  Pan2D: 0
  rolloffMode: 0
  BypassEffects: 0
  BypassListenerEffects: 0
  BypassReverbZones: 0
  rolloffCustomCurve:
    serializedVersion: 2
    m_Curve:
    - time: 0
      value: 1
      inSlope: 0
      outSlope: 0
      tangentMode: 0
    - time: 1
      value: 0
      inSlope: 0
      outSlope: 0
      tangentMode: 0
    m_PreInfinity: 2
    m_PostInfinity: 2
  panLevelCustomCurve:
    serializedVersion: 2
    m_Curve:
    - time: 0
      value: 1
      inSlope: 0
      outSlope: 0
      tangentMode: 0
    m_PreInfinity: 2
    m_PostInfinity: 2
  spreadCustomCurve:
    serializedVersion: 2
    m_Curve:
    - time: 0
      value: .5
      inSlope: 0
      outSlope: 0
      tangentMode: 0
    m_PreInfinity: 2
    m_PostInfinity: 2
  reverbZoneMixCustomCurve:
    serializedVersion: 2
    m_Curve:
    - time: 0
      value: 1
      inSlope: 0
      outSlope: 0
      tangentMode: 0
    m_PreInfinity: 2
    m_PostInfinity: 2
--- !u!65 &979863294
BoxCollider:
  m_ObjectHideFlags: 0
  m_PrefabParentObject: {fileID: 0}
  m_PrefabInternal: {fileID: 0}
  m_GameObject: {fileID: 979863290}
  m_Material: {fileID: 0}
  m_IsTrigger: 0
  m_Enabled: 1
  serializedVersion: 2
  m_Size: {x: .558580399, y: 1.54519987, z: 1.47191048}
  m_Center: {x: -.00289357454, y: .76504612, z: -.221856371}
--- !u!205 &979863295
LODGroup:
  m_ObjectHideFlags: 0
  m_PrefabParentObject: {fileID: 0}
  m_PrefabInternal: {fileID: 0}
  m_GameObject: {fileID: 979863290}
  serializedVersion: 2
  m_LocalReferencePoint: {x: 2.38418579e-07, y: 4.22632551, z: -1.2754097}
  m_Size: 16.719532
  m_FadeMode: 0
  m_AnimateCrossFading: 0
  m_LODs:
  - screenRelativeHeight: .600000024
    fadeTransitionWidth: 0
    renderers:
    - renderer: {fileID: 172952790}
  - screenRelativeHeight: .300000012
    fadeTransitionWidth: 0
    renderers:
    - renderer: {fileID: 172952788}
  - screenRelativeHeight: .100000001
    fadeTransitionWidth: 0
    renderers:
    - renderer: {fileID: 172952789}
  m_Enabled: 1
--- !u!95 &979863296
Animator:
  serializedVersion: 3
  m_ObjectHideFlags: 0
  m_PrefabParentObject: {fileID: 9500000, guid: 24df20f059a511b419077a3c8bc0187f,
    type: 3}
  m_PrefabInternal: {fileID: 172952787}
  m_GameObject: {fileID: 979863290}
  m_Enabled: 1
  m_Avatar: {fileID: 9000000, guid: 24df20f059a511b419077a3c8bc0187f, type: 3}
  m_Controller: {fileID: 9100000, guid: 61c352e6aa3b8894fa868a10ecb45977, type: 2}
  m_CullingMode: 1
  m_UpdateMode: 0
  m_ApplyRootMotion: 0
  m_LinearVelocityBlending: 0
  m_WarningMessage: 
  m_HasTransformHierarchy: 1
  m_AllowConstantClipSamplingOptimization: 1
--- !u!1 &1006080571
GameObject:
  m_ObjectHideFlags: 0
  m_PrefabParentObject: {fileID: 100036, guid: 24df20f059a511b419077a3c8bc0187f, type: 3}
  m_PrefabInternal: {fileID: 172952787}
  serializedVersion: 4
  m_Component:
  - 4: {fileID: 1006080572}
  m_Layer: 0
  m_Name: left foot2
  m_TagString: Untagged
  m_Icon: {fileID: 0}
  m_NavMeshLayer: 0
  m_StaticEditorFlags: 0
  m_IsActive: 1
--- !u!4 &1006080572
Transform:
  m_ObjectHideFlags: 0
  m_PrefabParentObject: {fileID: 400036, guid: 24df20f059a511b419077a3c8bc0187f, type: 3}
  m_PrefabInternal: {fileID: 172952787}
  m_GameObject: {fileID: 1006080571}
  m_LocalRotation: {x: -.49999997, y: -.50000006, z: -.49999994, w: .50000006}
  m_LocalPosition: {x: -.0159497261, y: .541781068, z: 1.08872962}
  m_LocalScale: {x: 1, y: 1, z: 1}
  m_Children:
  - {fileID: 153398833}
  m_Father: {fileID: 377942779}
  m_RootOrder: 0
--- !u!1 &1053722172
GameObject:
  m_ObjectHideFlags: 0
  m_PrefabParentObject: {fileID: 100006, guid: 24df20f059a511b419077a3c8bc0187f, type: 3}
  m_PrefabInternal: {fileID: 172952787}
  serializedVersion: 4
  m_Component:
  - 4: {fileID: 1053722173}
  m_Layer: 0
  m_Name: eye0
  m_TagString: Untagged
  m_Icon: {fileID: 0}
  m_NavMeshLayer: 0
  m_StaticEditorFlags: 0
  m_IsActive: 1
--- !u!4 &1053722173
Transform:
  m_ObjectHideFlags: 0
  m_PrefabParentObject: {fileID: 400006, guid: 24df20f059a511b419077a3c8bc0187f, type: 3}
  m_PrefabInternal: {fileID: 172952787}
  m_GameObject: {fileID: 1053722172}
  m_LocalRotation: {x: 0, y: 0, z: 0, w: 1}
  m_LocalPosition: {x: 1.3038516e-08, y: .906274796, z: .166538239}
  m_LocalScale: {x: 1, y: 1, z: 1}
  m_Children:
  - {fileID: 852417304}
  - {fileID: 295304269}
  m_Father: {fileID: 811586614}
  m_RootOrder: 0
--- !u!1 &1058728236
GameObject:
  m_ObjectHideFlags: 0
  m_PrefabParentObject: {fileID: 100040, guid: 24df20f059a511b419077a3c8bc0187f, type: 3}
  m_PrefabInternal: {fileID: 172952787}
  serializedVersion: 4
  m_Component:
  - 4: {fileID: 1058728237}
  m_Layer: 0
  m_Name: left leg0
  m_TagString: Untagged
  m_Icon: {fileID: 0}
  m_NavMeshLayer: 0
  m_StaticEditorFlags: 0
  m_IsActive: 1
--- !u!4 &1058728237
Transform:
  m_ObjectHideFlags: 0
  m_PrefabParentObject: {fileID: 400040, guid: 24df20f059a511b419077a3c8bc0187f, type: 3}
  m_PrefabInternal: {fileID: 172952787}
  m_GameObject: {fileID: 1058728236}
  m_LocalRotation: {x: 0, y: 0, z: 0, w: 1}
  m_LocalPosition: {x: -1.8719418, y: .274718195, z: 1.51226521}
  m_LocalScale: {x: 1, y: 1, z: 1}
  m_Children:
  - {fileID: 1137315408}
  m_Father: {fileID: 889076085}
  m_RootOrder: 0
--- !u!1 &1071720516
GameObject:
  m_ObjectHideFlags: 0
  m_PrefabParentObject: {fileID: 0}
  m_PrefabInternal: {fileID: 0}
  serializedVersion: 4
  m_Component:
  - 4: {fileID: 1071720517}
  - 218: {fileID: 1071720520}
  - 154: {fileID: 1071720519}
  - 82: {fileID: 1071720518}
  m_Layer: 0
  m_Name: Ground
  m_TagString: Untagged
  m_Icon: {fileID: 0}
  m_NavMeshLayer: 0
  m_StaticEditorFlags: 4294967295
  m_IsActive: 1
--- !u!4 &1071720517
Transform:
  m_ObjectHideFlags: 0
  m_PrefabParentObject: {fileID: 0}
  m_PrefabInternal: {fileID: 0}
  m_GameObject: {fileID: 1071720516}
  m_LocalRotation: {x: 0, y: 0, z: 0, w: 1}
  m_LocalPosition: {x: -100, y: 0, z: -100}
  m_LocalScale: {x: 1, y: 1, z: 1}
  m_Children:
  - {fileID: 821882933}
  - {fileID: 1748291906}
  - {fileID: 342472315}
  - {fileID: 1128512330}
  - {fileID: 586944444}
  - {fileID: 591467446}
  m_Father: {fileID: 0}
  m_RootOrder: 0
--- !u!82 &1071720518
AudioSource:
  m_ObjectHideFlags: 0
  m_PrefabParentObject: {fileID: 0}
  m_PrefabInternal: {fileID: 0}
  m_GameObject: {fileID: 1071720516}
  m_Enabled: 1
  serializedVersion: 4
  OutputAudioMixerGroup: {fileID: 0}
  m_audioClip: {fileID: 8300000, guid: baae33f8e7421f14fbc3dd2df45d8bcc, type: 3}
  m_PlayOnAwake: 1
  m_Volume: .75
  m_Pitch: 1
  Loop: 1
  Mute: 0
  Priority: 128
  DopplerLevel: 1
  MinDistance: 1
  MaxDistance: 500
  Pan2D: 0
  rolloffMode: 0
  BypassEffects: 0
  BypassListenerEffects: 0
  BypassReverbZones: 0
  rolloffCustomCurve:
    serializedVersion: 2
    m_Curve:
    - time: 0
      value: 1
      inSlope: 0
      outSlope: 0
      tangentMode: 0
    - time: 1
      value: 0
      inSlope: 0
      outSlope: 0
      tangentMode: 0
    m_PreInfinity: 2
    m_PostInfinity: 2
  panLevelCustomCurve:
    serializedVersion: 2
    m_Curve:
    - time: 0
      value: 0
      inSlope: 0
      outSlope: 0
      tangentMode: 0
    m_PreInfinity: 2
    m_PostInfinity: 2
  spreadCustomCurve:
    serializedVersion: 2
    m_Curve:
    - time: 0
      value: 0
      inSlope: 0
      outSlope: 0
      tangentMode: 0
    m_PreInfinity: 2
    m_PostInfinity: 2
  reverbZoneMixCustomCurve:
    serializedVersion: 2
    m_Curve:
    - time: 0
      value: 1
      inSlope: 0
      outSlope: 0
      tangentMode: 0
    m_PreInfinity: 2
    m_PostInfinity: 2
--- !u!154 &1071720519
TerrainCollider:
  m_ObjectHideFlags: 0
  m_PrefabParentObject: {fileID: 0}
  m_PrefabInternal: {fileID: 0}
  m_GameObject: {fileID: 1071720516}
  m_Material: {fileID: 0}
  m_Enabled: 1
  m_TerrainData: {fileID: 15600000, guid: 7420bb169d750bc48b8491fb1f5d1491, type: 2}
  m_EnableTreeColliders: 0
--- !u!218 &1071720520
Terrain:
  m_ObjectHideFlags: 0
  m_PrefabParentObject: {fileID: 0}
  m_PrefabInternal: {fileID: 0}
  m_GameObject: {fileID: 1071720516}
  m_Enabled: 1
  serializedVersion: 3
  m_TerrainData: {fileID: 15600000, guid: 7420bb169d750bc48b8491fb1f5d1491, type: 2}
  m_TreeDistance: 2000
  m_TreeBillboardDistance: 50
  m_TreeCrossFadeLength: 5
  m_TreeMaximumFullLODCount: 50
  m_DetailObjectDistance: 60
  m_DetailObjectDensity: 1
  m_HeightmapPixelError: 10
  m_SplatMapDistance: 384
  m_HeightmapMaximumLOD: 0
  m_CastShadows: 1
  m_DrawHeightmap: 1
  m_DrawTreesAndFoliage: 1
  m_ReflectionProbeUsage: 1
  m_MaterialType: 1
  m_LegacySpecular:
    serializedVersion: 2
    rgba: 4286545791
  m_LegacyShininess: .078125
  m_MaterialTemplate: {fileID: 0}
  m_BakeLightProbesForTrees: 1
  m_ScaleInLightmap: 1
  m_LightmapParameters: {fileID: 15203, guid: 0000000000000000f000000000000000, type: 0}
--- !u!1 &1128512329
GameObject:
  m_ObjectHideFlags: 0
  m_PrefabParentObject: {fileID: 0}
  m_PrefabInternal: {fileID: 0}
  serializedVersion: 4
  m_Component:
  - 4: {fileID: 1128512330}
  - 65: {fileID: 1128512331}
  m_Layer: 1
  m_Name: limit_colR
  m_TagString: Untagged
  m_Icon: {fileID: 0}
  m_NavMeshLayer: 0
  m_StaticEditorFlags: 0
  m_IsActive: 1
--- !u!4 &1128512330
Transform:
  m_ObjectHideFlags: 0
  m_PrefabParentObject: {fileID: 0}
  m_PrefabInternal: {fileID: 0}
  m_GameObject: {fileID: 1128512329}
  m_LocalRotation: {x: 0, y: .707106829, z: 0, w: .707106709}
  m_LocalPosition: {x: 185, y: 10, z: 100}
  m_LocalScale: {x: 200.000015, y: 50, z: 2}
  m_Children: []
  m_Father: {fileID: 1071720517}
  m_RootOrder: 3
--- !u!65 &1128512331
BoxCollider:
  m_ObjectHideFlags: 0
  m_PrefabParentObject: {fileID: 0}
  m_PrefabInternal: {fileID: 0}
  m_GameObject: {fileID: 1128512329}
  m_Material: {fileID: 0}
  m_IsTrigger: 0
  m_Enabled: 1
  serializedVersion: 2
  m_Size: {x: 1, y: 1, z: 1}
  m_Center: {x: 0, y: 0, z: 0}
--- !u!1 &1137315407
GameObject:
  m_ObjectHideFlags: 0
  m_PrefabParentObject: {fileID: 100042, guid: 24df20f059a511b419077a3c8bc0187f, type: 3}
  m_PrefabInternal: {fileID: 172952787}
  serializedVersion: 4
  m_Component:
  - 4: {fileID: 1137315408}
  m_Layer: 0
  m_Name: left leg1
  m_TagString: Untagged
  m_Icon: {fileID: 0}
  m_NavMeshLayer: 0
  m_StaticEditorFlags: 0
  m_IsActive: 1
--- !u!4 &1137315408
Transform:
  m_ObjectHideFlags: 0
  m_PrefabParentObject: {fileID: 400042, guid: 24df20f059a511b419077a3c8bc0187f, type: 3}
  m_PrefabInternal: {fileID: 172952787}
  m_GameObject: {fileID: 1137315407}
  m_LocalRotation: {x: 0, y: 0, z: 0, w: 1}
  m_LocalPosition: {x: .157000065, y: 1.1304096, z: 4.15535927}
  m_LocalScale: {x: 1, y: 1, z: 1}
  m_Children:
  - {fileID: 1747735553}
  m_Father: {fileID: 1058728237}
  m_RootOrder: 0
--- !u!1 &1230972169
GameObject:
  m_ObjectHideFlags: 0
  m_PrefabParentObject: {fileID: 100112, guid: 24df20f059a511b419077a3c8bc0187f, type: 3}
  m_PrefabInternal: {fileID: 172952787}
  serializedVersion: 4
  m_Component:
  - 4: {fileID: 1230972170}
  m_Layer: 0
  m_Name: tail0
  m_TagString: Untagged
  m_Icon: {fileID: 0}
  m_NavMeshLayer: 0
  m_StaticEditorFlags: 0
  m_IsActive: 1
--- !u!4 &1230972170
Transform:
  m_ObjectHideFlags: 0
  m_PrefabParentObject: {fileID: 400112, guid: 24df20f059a511b419077a3c8bc0187f, type: 3}
  m_PrefabInternal: {fileID: 172952787}
  m_GameObject: {fileID: 1230972169}
  m_LocalRotation: {x: 0, y: 0, z: 0, w: 1}
  m_LocalPosition: {x: -4.28408384e-08, y: -1.95810688, z: .461790085}
  m_LocalScale: {x: 1, y: 1, z: 1}
  m_Children:
  - {fileID: 770982702}
  m_Father: {fileID: 889076085}
  m_RootOrder: 2
--- !u!1 &1232664965
GameObject:
  m_ObjectHideFlags: 0
  m_PrefabParentObject: {fileID: 100062, guid: 24df20f059a511b419077a3c8bc0187f, type: 3}
  m_PrefabInternal: {fileID: 172952787}
  serializedVersion: 4
  m_Component:
  - 4: {fileID: 1232664966}
  m_Layer: 0
  m_Name: right arm0
  m_TagString: Untagged
  m_Icon: {fileID: 0}
  m_NavMeshLayer: 0
  m_StaticEditorFlags: 0
  m_IsActive: 1
--- !u!4 &1232664966
Transform:
  m_ObjectHideFlags: 0
  m_PrefabParentObject: {fileID: 400062, guid: 24df20f059a511b419077a3c8bc0187f, type: 3}
  m_PrefabInternal: {fileID: 172952787}
  m_GameObject: {fileID: 1232664965}
  m_LocalRotation: {x: 0, y: 0, z: -.707106829, w: .707106709}
  m_LocalPosition: {x: 1.39749563, y: 1.67902184, z: 1.60931206}
  m_LocalScale: {x: 1, y: 1, z: 1}
  m_Children:
  - {fileID: 974959046}
  m_Father: {fileID: 2053784099}
  m_RootOrder: 2
--- !u!1 &1274854563
GameObject:
  m_ObjectHideFlags: 0
  m_PrefabParentObject: {fileID: 100104, guid: 24df20f059a511b419077a3c8bc0187f, type: 3}
  m_PrefabInternal: {fileID: 172952787}
  serializedVersion: 4
  m_Component:
  - 4: {fileID: 1274854564}
  m_Layer: 0
  m_Name: spine2
  m_TagString: Untagged
  m_Icon: {fileID: 0}
  m_NavMeshLayer: 0
  m_StaticEditorFlags: 0
  m_IsActive: 1
--- !u!4 &1274854564
Transform:
  m_ObjectHideFlags: 0
  m_PrefabParentObject: {fileID: 400104, guid: 24df20f059a511b419077a3c8bc0187f, type: 3}
  m_PrefabInternal: {fileID: 172952787}
  m_GameObject: {fileID: 1274854563}
  m_LocalRotation: {x: 0, y: 0, z: 0, w: 1}
  m_LocalPosition: {x: 1.95577741e-08, y: .656248569, z: -.200730324}
  m_LocalScale: {x: 1, y: 1, z: 1}
  m_Children:
  - {fileID: 567461602}
  - {fileID: 114254375}
  - {fileID: 2092693748}
  m_Father: {fileID: 26925029}
  m_RootOrder: 0
--- !u!1 &1304216595
GameObject:
  m_ObjectHideFlags: 0
  m_PrefabParentObject: {fileID: 100024, guid: 24df20f059a511b419077a3c8bc0187f, type: 3}
  m_PrefabInternal: {fileID: 172952787}
  serializedVersion: 4
  m_Component:
  - 4: {fileID: 1304216596}
  m_Layer: 0
  m_Name: left finger3
  m_TagString: Untagged
  m_Icon: {fileID: 0}
  m_NavMeshLayer: 0
  m_StaticEditorFlags: 0
  m_IsActive: 1
--- !u!4 &1304216596
Transform:
  m_ObjectHideFlags: 0
  m_PrefabParentObject: {fileID: 400024, guid: 24df20f059a511b419077a3c8bc0187f, type: 3}
  m_PrefabInternal: {fileID: 172952787}
  m_GameObject: {fileID: 1304216595}
  m_LocalRotation: {x: 0, y: 0, z: 0, w: 1}
  m_LocalPosition: {x: 1.1920929e-07, y: .922719955, z: .429485798}
  m_LocalScale: {x: 1, y: 1, z: 1}
  m_Children:
  - {fileID: 229724778}
  m_Father: {fileID: 1959636654}
  m_RootOrder: 0
--- !u!1 &1331048522
GameObject:
  m_ObjectHideFlags: 0
  m_PrefabParentObject: {fileID: 100056, guid: 24df20f059a511b419077a3c8bc0187f, type: 3}
  m_PrefabInternal: {fileID: 172952787}
  serializedVersion: 4
  m_Component:
  - 4: {fileID: 1331048523}
  m_Layer: 0
  m_Name: neck2
  m_TagString: Untagged
  m_Icon: {fileID: 0}
  m_NavMeshLayer: 0
  m_StaticEditorFlags: 0
  m_IsActive: 1
--- !u!4 &1331048523
Transform:
  m_ObjectHideFlags: 0
  m_PrefabParentObject: {fileID: 400056, guid: 24df20f059a511b419077a3c8bc0187f, type: 3}
  m_PrefabInternal: {fileID: 172952787}
  m_GameObject: {fileID: 1331048522}
  m_LocalRotation: {x: 0, y: 0, z: 0, w: 1}
  m_LocalPosition: {x: 1.21071935e-08, y: 1.70277262, z: -1.68564987}
  m_LocalScale: {x: 1, y: 1, z: 1}
  m_Children:
  - {fileID: 497353934}
  m_Father: {fileID: 544732762}
  m_RootOrder: 0
--- !u!1 &1397514208
GameObject:
  m_ObjectHideFlags: 0
  m_PrefabParentObject: {fileID: 100012, guid: 24df20f059a511b419077a3c8bc0187f, type: 3}
  m_PrefabInternal: {fileID: 172952787}
  serializedVersion: 4
  m_Component:
  - 4: {fileID: 1397514209}
  m_Layer: 0
  m_Name: jaw1
  m_TagString: Untagged
  m_Icon: {fileID: 0}
  m_NavMeshLayer: 0
  m_StaticEditorFlags: 0
  m_IsActive: 1
--- !u!4 &1397514209
Transform:
  m_ObjectHideFlags: 0
  m_PrefabParentObject: {fileID: 400012, guid: 24df20f059a511b419077a3c8bc0187f, type: 3}
  m_PrefabInternal: {fileID: 172952787}
  m_GameObject: {fileID: 1397514208}
  m_LocalRotation: {x: 0, y: 0, z: 0, w: 1}
  m_LocalPosition: {x: 2.14204192e-08, y: 4.50139046, z: 1.5709517}
  m_LocalScale: {x: 1, y: 1, z: 1}
  m_Children: []
  m_Father: {fileID: 381927305}
  m_RootOrder: 0
--- !u!1 &1461224143
GameObject:
  m_ObjectHideFlags: 0
  m_PrefabParentObject: {fileID: 100000, guid: 780611a67e8e941a2b3aa96e5915a793, type: 2}
  m_PrefabInternal: {fileID: 591467445}
  serializedVersion: 4
  m_Component:
  - 4: {fileID: 591467446}
  - 33: {fileID: 1461224146}
  - 23: {fileID: 1461224145}
  - 114: {fileID: 1461224144}
  m_Layer: 4
  m_Name: WaterProDaytime
  m_TagString: Untagged
  m_Icon: {fileID: 0}
  m_NavMeshLayer: 0
  m_StaticEditorFlags: 0
  m_IsActive: 1
--- !u!114 &1461224144
MonoBehaviour:
  m_ObjectHideFlags: 0
  m_PrefabParentObject: {fileID: 11400000, guid: 780611a67e8e941a2b3aa96e5915a793,
    type: 2}
  m_PrefabInternal: {fileID: 591467445}
  m_GameObject: {fileID: 1461224143}
  m_Enabled: 1
  m_EditorHideFlags: 0
  m_Script: {fileID: 11500000, guid: a3d3ef1a5bbfb4e0a910fbbe5830b1f9, type: 3}
  m_Name: 
  m_EditorClassIdentifier: 
--- !u!23 &1461224145
MeshRenderer:
  m_ObjectHideFlags: 0
  m_PrefabParentObject: {fileID: 2300000, guid: 780611a67e8e941a2b3aa96e5915a793,
    type: 2}
  m_PrefabInternal: {fileID: 591467445}
  m_GameObject: {fileID: 1461224143}
  m_Enabled: 1
  m_CastShadows: 0
  m_ReceiveShadows: 0
  m_Materials:
  - {fileID: 2100000, guid: 7350b65a6431f604a8496c39db1ac9c5, type: 2}
  m_SubsetIndices: 
  m_StaticBatchRoot: {fileID: 0}
  m_UseLightProbes: 1
  m_ReflectionProbeUsage: 1
  m_ProbeAnchor: {fileID: 0}
  m_ScaleInLightmap: 1
  m_PreserveUVs: 0
  m_ImportantGI: 0
  m_AutoUVMaxDistance: .5
  m_AutoUVMaxAngle: 89
  m_LightmapParameters: {fileID: 0}
  m_SortingLayerID: 0
  m_SortingOrder: 0
--- !u!33 &1461224146
MeshFilter:
  m_ObjectHideFlags: 0
  m_PrefabParentObject: {fileID: 3300000, guid: 780611a67e8e941a2b3aa96e5915a793,
    type: 2}
  m_PrefabInternal: {fileID: 591467445}
  m_GameObject: {fileID: 1461224143}
  m_Mesh: {fileID: 4300006, guid: ba6a41dc489914734857bb5924eb70ad, type: 3}
--- !u!1 &1483380015
GameObject:
  m_ObjectHideFlags: 0
  m_PrefabParentObject: {fileID: 100018, guid: 24df20f059a511b419077a3c8bc0187f, type: 3}
  m_PrefabInternal: {fileID: 172952787}
  serializedVersion: 4
  m_Component:
  - 4: {fileID: 1483380016}
  m_Layer: 0
  m_Name: left arm1
  m_TagString: Untagged
  m_Icon: {fileID: 0}
  m_NavMeshLayer: 0
  m_StaticEditorFlags: 0
  m_IsActive: 1
--- !u!4 &1483380016
Transform:
  m_ObjectHideFlags: 0
  m_PrefabParentObject: {fileID: 400018, guid: 24df20f059a511b419077a3c8bc0187f, type: 3}
  m_PrefabInternal: {fileID: 172952787}
  m_GameObject: {fileID: 1483380015}
  m_LocalRotation: {x: 0, y: 0, z: 0, w: 1}
  m_LocalPosition: {x: -.105519533, y: -.774241447, z: 2.18223572}
  m_LocalScale: {x: 1, y: 1, z: 1}
  m_Children:
  - {fileID: 1959636654}
  m_Father: {fileID: 90717719}
  m_RootOrder: 0
--- !u!1 &1525382009
GameObject:
  m_ObjectHideFlags: 0
  m_PrefabParentObject: {fileID: 100124, guid: 24df20f059a511b419077a3c8bc0187f, type: 3}
  m_PrefabInternal: {fileID: 172952787}
  serializedVersion: 4
  m_Component:
  - 4: {fileID: 1525382010}
  m_Layer: 0
  m_Name: tail6
  m_TagString: Untagged
  m_Icon: {fileID: 0}
  m_NavMeshLayer: 0
  m_StaticEditorFlags: 0
  m_IsActive: 1
--- !u!4 &1525382010
Transform:
  m_ObjectHideFlags: 0
  m_PrefabParentObject: {fileID: 400124, guid: 24df20f059a511b419077a3c8bc0187f, type: 3}
  m_PrefabInternal: {fileID: 172952787}
  m_GameObject: {fileID: 1525382009}
  m_LocalRotation: {x: 0, y: 0, z: 0, w: 1}
  m_LocalPosition: {x: -3.63215804e-08, y: -2.51291466, z: .11446476}
  m_LocalScale: {x: 1, y: 1, z: 1}
  m_Children:
  - {fileID: 414290570}
  m_Father: {fileID: 1773945847}
  m_RootOrder: 0
--- !u!1 &1545141823
GameObject:
  m_ObjectHideFlags: 0
  m_PrefabParentObject: {fileID: 100080, guid: 24df20f059a511b419077a3c8bc0187f, type: 3}
  m_PrefabInternal: {fileID: 172952787}
  serializedVersion: 4
  m_Component:
  - 4: {fileID: 1545141824}
  m_Layer: 0
  m_Name: right foot1
  m_TagString: Untagged
  m_Icon: {fileID: 0}
  m_NavMeshLayer: 0
  m_StaticEditorFlags: 0
  m_IsActive: 1
--- !u!4 &1545141824
Transform:
  m_ObjectHideFlags: 0
  m_PrefabParentObject: {fileID: 400080, guid: 24df20f059a511b419077a3c8bc0187f, type: 3}
  m_PrefabInternal: {fileID: 172952787}
  m_GameObject: {fileID: 1545141823}
  m_LocalRotation: {x: 0, y: 0, z: 0, w: 1}
  m_LocalPosition: {x: -.390708447, y: -.0147682428, z: 1.87827122}
  m_LocalScale: {x: 1, y: 1, z: 1}
  m_Children:
  - {fileID: 557545929}
  m_Father: {fileID: 55325170}
  m_RootOrder: 0
--- !u!4 &1589920489
Transform:
  m_ObjectHideFlags: 0
  m_PrefabParentObject: {fileID: 400000, guid: 24df20f059a511b419077a3c8bc0187f, type: 3}
  m_PrefabInternal: {fileID: 172952787}
  m_GameObject: {fileID: 979863290}
  m_LocalRotation: {x: 0, y: .939692676, z: 0, w: .342020035}
  m_LocalPosition: {x: 0, y: 2.02200007, z: 0}
  m_LocalScale: {x: .25, y: .25, z: .25}
  m_Children:
  - {fileID: 120034687}
  - {fileID: 2000588591}
  - {fileID: 174340444}
  - {fileID: 1944619172}
  m_Father: {fileID: 0}
  m_RootOrder: 3
--- !u!1 &1640342325
GameObject:
  m_ObjectHideFlags: 0
  m_PrefabParentObject: {fileID: 100128, guid: 24df20f059a511b419077a3c8bc0187f, type: 3}
  m_PrefabInternal: {fileID: 172952787}
  serializedVersion: 4
  m_Component:
  - 4: {fileID: 1640342326}
  m_Layer: 0
  m_Name: tail8
  m_TagString: Untagged
  m_Icon: {fileID: 0}
  m_NavMeshLayer: 0
  m_StaticEditorFlags: 0
  m_IsActive: 1
--- !u!4 &1640342326
Transform:
  m_ObjectHideFlags: 0
  m_PrefabParentObject: {fileID: 400128, guid: 24df20f059a511b419077a3c8bc0187f, type: 3}
  m_PrefabInternal: {fileID: 172952787}
  m_GameObject: {fileID: 1640342325}
  m_LocalRotation: {x: 0, y: 0, z: 0, w: 1}
  m_LocalPosition: {x: -2.60770321e-08, y: -1.3206234, z: .0269327164}
  m_LocalScale: {x: 1, y: 1, z: 1}
  m_Children: []
  m_Father: {fileID: 414290570}
  m_RootOrder: 0
--- !u!1 &1657745637
GameObject:
  m_ObjectHideFlags: 0
  m_PrefabParentObject: {fileID: 100094, guid: 24df20f059a511b419077a3c8bc0187f, type: 3}
  m_PrefabInternal: {fileID: 172952787}
  serializedVersion: 4
  m_Component:
  - 4: {fileID: 1657745638}
  m_Layer: 0
  m_Name: right toe2
  m_TagString: Untagged
  m_Icon: {fileID: 0}
  m_NavMeshLayer: 0
  m_StaticEditorFlags: 0
  m_IsActive: 1
--- !u!4 &1657745638
Transform:
  m_ObjectHideFlags: 0
  m_PrefabParentObject: {fileID: 400094, guid: 24df20f059a511b419077a3c8bc0187f, type: 3}
  m_PrefabInternal: {fileID: 172952787}
  m_GameObject: {fileID: 1657745637}
  m_LocalRotation: {x: 0, y: 0, z: 0, w: 1}
  m_LocalPosition: {x: -.614882946, y: .0315084457, z: 2.38418579e-07}
  m_LocalScale: {x: 1, y: 1, z: 1}
  m_Children: []
  m_Father: {fileID: 449419051}
  m_RootOrder: 0
--- !u!1 &1714968875
GameObject:
  m_ObjectHideFlags: 0
  m_PrefabParentObject: {fileID: 100100, guid: 24df20f059a511b419077a3c8bc0187f, type: 3}
  m_PrefabInternal: {fileID: 172952787}
  serializedVersion: 4
  m_Component:
  - 4: {fileID: 1714968876}
  m_Layer: 0
  m_Name: spine0
  m_TagString: Untagged
  m_Icon: {fileID: 0}
  m_NavMeshLayer: 0
  m_StaticEditorFlags: 0
  m_IsActive: 1
--- !u!4 &1714968876
Transform:
  m_ObjectHideFlags: 0
  m_PrefabParentObject: {fileID: 400100, guid: 24df20f059a511b419077a3c8bc0187f, type: 3}
  m_PrefabInternal: {fileID: 172952787}
  m_GameObject: {fileID: 1714968875}
  m_LocalRotation: {x: 0, y: 0, z: 0, w: 1}
  m_LocalPosition: {x: -3.44589353e-08, y: .390907764, z: -.0925197601}
  m_LocalScale: {x: 1, y: 1, z: 1}
  m_Children:
  - {fileID: 26925029}
  m_Father: {fileID: 832393019}
  m_RootOrder: 1
--- !u!1 &1747735552
GameObject:
  m_ObjectHideFlags: 0
  m_PrefabParentObject: {fileID: 100032, guid: 24df20f059a511b419077a3c8bc0187f, type: 3}
  m_PrefabInternal: {fileID: 172952787}
  serializedVersion: 4
  m_Component:
  - 4: {fileID: 1747735553}
  m_Layer: 0
  m_Name: left foot0
  m_TagString: Untagged
  m_Icon: {fileID: 0}
  m_NavMeshLayer: 0
  m_StaticEditorFlags: 0
  m_IsActive: 1
--- !u!4 &1747735553
Transform:
  m_ObjectHideFlags: 0
  m_PrefabParentObject: {fileID: 400032, guid: 24df20f059a511b419077a3c8bc0187f, type: 3}
  m_PrefabInternal: {fileID: 172952787}
  m_GameObject: {fileID: 1747735552}
  m_LocalRotation: {x: 0, y: 0, z: 0, w: 1}
  m_LocalPosition: {x: -.157001376, y: -2.98864174, z: 3.2055881}
  m_LocalScale: {x: 1, y: 1, z: 1}
  m_Children:
  - {fileID: 377942779}
  m_Father: {fileID: 1137315408}
  m_RootOrder: 0
--- !u!1 &1748291905
GameObject:
  m_ObjectHideFlags: 0
  m_PrefabParentObject: {fileID: 0}
  m_PrefabInternal: {fileID: 0}
  serializedVersion: 4
  m_Component:
  - 4: {fileID: 1748291906}
  - 65: {fileID: 1748291907}
  m_Layer: 1
  m_Name: limit_colB
  m_TagString: Untagged
  m_Icon: {fileID: 0}
  m_NavMeshLayer: 0
  m_StaticEditorFlags: 0
  m_IsActive: 1
--- !u!4 &1748291906
Transform:
  m_ObjectHideFlags: 0
  m_PrefabParentObject: {fileID: 0}
  m_PrefabInternal: {fileID: 0}
  m_GameObject: {fileID: 1748291905}
  m_LocalRotation: {x: 0, y: 0, z: 0, w: 1}
  m_LocalPosition: {x: 100, y: 10, z: 15}
  m_LocalScale: {x: 200, y: 50, z: 2}
  m_Children: []
  m_Father: {fileID: 1071720517}
  m_RootOrder: 1
--- !u!65 &1748291907
BoxCollider:
  m_ObjectHideFlags: 0
  m_PrefabParentObject: {fileID: 0}
  m_PrefabInternal: {fileID: 0}
  m_GameObject: {fileID: 1748291905}
  m_Material: {fileID: 0}
  m_IsTrigger: 0
  m_Enabled: 1
  serializedVersion: 2
  m_Size: {x: 1, y: 1, z: 1}
  m_Center: {x: 0, y: 0, z: 0}
--- !u!1 &1773945846
GameObject:
  m_ObjectHideFlags: 0
  m_PrefabParentObject: {fileID: 100122, guid: 24df20f059a511b419077a3c8bc0187f, type: 3}
  m_PrefabInternal: {fileID: 172952787}
  serializedVersion: 4
  m_Component:
  - 4: {fileID: 1773945847}
  m_Layer: 0
  m_Name: tail5
  m_TagString: Untagged
  m_Icon: {fileID: 0}
  m_NavMeshLayer: 0
  m_StaticEditorFlags: 0
  m_IsActive: 1
--- !u!4 &1773945847
Transform:
  m_ObjectHideFlags: 0
  m_PrefabParentObject: {fileID: 400122, guid: 24df20f059a511b419077a3c8bc0187f, type: 3}
  m_PrefabInternal: {fileID: 172952787}
  m_GameObject: {fileID: 1773945846}
  m_LocalRotation: {x: 0, y: 0, z: 0, w: 1}
  m_LocalPosition: {x: -3.53902578e-08, y: -2.71997738, z: .0301961899}
  m_LocalScale: {x: 1, y: 1, z: 1}
  m_Children:
  - {fileID: 1525382010}
  m_Father: {fileID: 2027706320}
  m_RootOrder: 0
--- !u!1 &1844534260
GameObject:
  m_ObjectHideFlags: 0
  m_PrefabParentObject: {fileID: 100134, guid: 24df20f059a511b419077a3c8bc0187f, type: 3}
  m_PrefabInternal: {fileID: 172952787}
  serializedVersion: 4
  m_Component:
  - 4: {fileID: 1844534261}
  m_Layer: 0
  m_Name: tongue1
  m_TagString: Untagged
  m_Icon: {fileID: 0}
  m_NavMeshLayer: 0
  m_StaticEditorFlags: 0
  m_IsActive: 1
--- !u!4 &1844534261
Transform:
  m_ObjectHideFlags: 0
  m_PrefabParentObject: {fileID: 400134, guid: 24df20f059a511b419077a3c8bc0187f, type: 3}
  m_PrefabInternal: {fileID: 172952787}
  m_GameObject: {fileID: 1844534260}
  m_LocalRotation: {x: -.066708006, y: 0, z: -0, w: .997772574}
  m_LocalPosition: {x: 1.49011612e-08, y: 1.12919831, z: -.123285294}
  m_LocalScale: {x: 1, y: 1, z: 1}
  m_Children:
  - {fileID: 262189893}
  m_Father: {fileID: 77727464}
  m_RootOrder: 0
--- !u!1 &1873552063
GameObject:
  m_ObjectHideFlags: 0
  m_PrefabParentObject: {fileID: 100090, guid: 24df20f059a511b419077a3c8bc0187f, type: 3}
  m_PrefabInternal: {fileID: 172952787}
  serializedVersion: 4
  m_Component:
  - 4: {fileID: 1873552064}
  m_Layer: 0
  m_Name: right toe0
  m_TagString: Untagged
  m_Icon: {fileID: 0}
  m_NavMeshLayer: 0
  m_StaticEditorFlags: 0
  m_IsActive: 1
--- !u!4 &1873552064
Transform:
  m_ObjectHideFlags: 0
  m_PrefabParentObject: {fileID: 400090, guid: 24df20f059a511b419077a3c8bc0187f, type: 3}
  m_PrefabInternal: {fileID: 172952787}
  m_GameObject: {fileID: 1873552063}
  m_LocalRotation: {x: 0, y: 0, z: 0, w: 1}
  m_LocalPosition: {x: -.476604283, y: .0480215549, z: -.00909900665}
  m_LocalScale: {x: 1, y: 1, z: 1}
  m_Children:
  - {fileID: 449419051}
  m_Father: {fileID: 557545929}
  m_RootOrder: 0
--- !u!1 &1944619171
GameObject:
  m_ObjectHideFlags: 0
  m_PrefabParentObject: {fileID: 100154, guid: 24df20f059a511b419077a3c8bc0187f, type: 3}
  m_PrefabInternal: {fileID: 172952787}
  serializedVersion: 4
  m_Component:
  - 4: {fileID: 1944619172}
  - 137: {fileID: 172952789}
  m_Layer: 0
  m_Name: comp_LOD_2
  m_TagString: Untagged
  m_Icon: {fileID: 0}
  m_NavMeshLayer: 0
  m_StaticEditorFlags: 0
  m_IsActive: 1
--- !u!4 &1944619172
Transform:
  m_ObjectHideFlags: 0
  m_PrefabParentObject: {fileID: 400154, guid: 24df20f059a511b419077a3c8bc0187f, type: 3}
  m_PrefabInternal: {fileID: 172952787}
  m_GameObject: {fileID: 1944619171}
  m_LocalRotation: {x: 0, y: 0, z: 0, w: 1}
  m_LocalPosition: {x: 0, y: 0, z: 0}
  m_LocalScale: {x: 1, y: 1, z: 1}
  m_Children: []
  m_Father: {fileID: 1589920489}
  m_RootOrder: 3
--- !u!1 &1959636653
GameObject:
  m_ObjectHideFlags: 0
  m_PrefabParentObject: {fileID: 100038, guid: 24df20f059a511b419077a3c8bc0187f, type: 3}
  m_PrefabInternal: {fileID: 172952787}
  serializedVersion: 4
  m_Component:
  - 4: {fileID: 1959636654}
  m_Layer: 0
  m_Name: left hand
  m_TagString: Untagged
  m_Icon: {fileID: 0}
  m_NavMeshLayer: 0
  m_StaticEditorFlags: 0
  m_IsActive: 1
--- !u!4 &1959636654
Transform:
  m_ObjectHideFlags: 0
  m_PrefabParentObject: {fileID: 400038, guid: 24df20f059a511b419077a3c8bc0187f, type: 3}
  m_PrefabInternal: {fileID: 172952787}
  m_GameObject: {fileID: 1959636653}
  m_LocalRotation: {x: .366899431, y: 0, z: -0, w: .930260658}
  m_LocalPosition: {x: -.00941669941, y: 1.56457424, z: 1.04645061}
  m_LocalScale: {x: 1, y: 1, z: 1}
  m_Children:
  - {fileID: 1304216596}
  m_Father: {fileID: 1483380016}
  m_RootOrder: 0
--- !u!1 &2000588590
GameObject:
  m_ObjectHideFlags: 0
  m_PrefabParentObject: {fileID: 100150, guid: 24df20f059a511b419077a3c8bc0187f, type: 3}
  m_PrefabInternal: {fileID: 172952787}
  serializedVersion: 4
  m_Component:
  - 4: {fileID: 2000588591}
  - 137: {fileID: 172952790}
  m_Layer: 0
  m_Name: comp_LOD_0
  m_TagString: Untagged
  m_Icon: {fileID: 0}
  m_NavMeshLayer: 0
  m_StaticEditorFlags: 0
  m_IsActive: 1
--- !u!4 &2000588591
Transform:
  m_ObjectHideFlags: 0
  m_PrefabParentObject: {fileID: 400150, guid: 24df20f059a511b419077a3c8bc0187f, type: 3}
  m_PrefabInternal: {fileID: 172952787}
  m_GameObject: {fileID: 2000588590}
  m_LocalRotation: {x: 0, y: 0, z: 0, w: 1}
  m_LocalPosition: {x: 0, y: 0, z: 0}
  m_LocalScale: {x: 1, y: 1, z: 1}
  m_Children: []
  m_Father: {fileID: 1589920489}
  m_RootOrder: 1
--- !u!1 &2005469413
GameObject:
  m_ObjectHideFlags: 0
  m_PrefabParentObject: {fileID: 100070, guid: 24df20f059a511b419077a3c8bc0187f, type: 3}
  m_PrefabInternal: {fileID: 172952787}
  serializedVersion: 4
  m_Component:
  - 4: {fileID: 2005469414}
  m_Layer: 0
  m_Name: right finger3
  m_TagString: Untagged
  m_Icon: {fileID: 0}
  m_NavMeshLayer: 0
  m_StaticEditorFlags: 0
  m_IsActive: 1
--- !u!4 &2005469414
Transform:
  m_ObjectHideFlags: 0
  m_PrefabParentObject: {fileID: 400070, guid: 24df20f059a511b419077a3c8bc0187f, type: 3}
  m_PrefabInternal: {fileID: 172952787}
  m_GameObject: {fileID: 2005469413}
  m_LocalRotation: {x: -9.76996262e-15, y: -2.98023224e-06, z: 3.53495038e-13, w: 1}
  m_LocalPosition: {x: -.922729135, y: -2.53657475e-07, z: .429466099}
  m_LocalScale: {x: 1, y: 1, z: 1}
  m_Children:
  - {fileID: 218974551}
  m_Father: {fileID: 778166319}
  m_RootOrder: 0
--- !u!1 &2013934085
GameObject:
  m_ObjectHideFlags: 0
  m_PrefabParentObject: {fileID: 100052, guid: 24df20f059a511b419077a3c8bc0187f, type: 3}
  m_PrefabInternal: {fileID: 172952787}
  serializedVersion: 4
  m_Component:
  - 4: {fileID: 2013934086}
  m_Layer: 0
  m_Name: neck0
  m_TagString: Untagged
  m_Icon: {fileID: 0}
  m_NavMeshLayer: 0
  m_StaticEditorFlags: 0
  m_IsActive: 1
--- !u!4 &2013934086
Transform:
  m_ObjectHideFlags: 0
  m_PrefabParentObject: {fileID: 400052, guid: 24df20f059a511b419077a3c8bc0187f, type: 3}
  m_PrefabInternal: {fileID: 172952787}
  m_GameObject: {fileID: 2013934085}
  m_LocalRotation: {x: 0, y: 0, z: 0, w: 1}
  m_LocalPosition: {x: 4.3399632e-07, y: 1.52560282, z: -.595218658}
  m_LocalScale: {x: 1, y: 1, z: 1}
  m_Children:
  - {fileID: 544732762}
  m_Father: {fileID: 2053784099}
  m_RootOrder: 1
--- !u!1 &2018774749
GameObject:
  m_ObjectHideFlags: 0
  m_PrefabParentObject: {fileID: 0}
  m_PrefabInternal: {fileID: 0}
  serializedVersion: 4
  m_Component:
  - 4: {fileID: 2018774751}
  - 108: {fileID: 2018774750}
  m_Layer: 0
  m_Name: Sun
  m_TagString: Untagged
  m_Icon: {fileID: 0}
  m_NavMeshLayer: 0
  m_StaticEditorFlags: 0
  m_IsActive: 1
--- !u!108 &2018774750
Light:
  m_ObjectHideFlags: 0
  m_PrefabParentObject: {fileID: 0}
  m_PrefabInternal: {fileID: 0}
  m_GameObject: {fileID: 2018774749}
  m_Enabled: 1
  serializedVersion: 6
  m_Type: 1
  m_Color: {r: 1, g: .930426002, b: .639705896, a: 1}
  m_Intensity: 2.19000006
  m_Range: 10
  m_SpotAngle: 30
  m_CookieSize: 10
  m_Shadows:
    m_Type: 1
    m_Resolution: -1
    m_Strength: 1
    m_Bias: 2
    m_NormalBias: 3
  m_Cookie: {fileID: 0}
  m_DrawHalo: 0
  m_Flare: {fileID: 12100000, guid: 54fbbf098d116effa00081aba8ad6659, type: 2}
  m_RenderMode: 0
  m_CullingMask:
    serializedVersion: 2
    m_Bits: 4294967295
  m_Lightmapping: 4
  m_BounceIntensity: 0
  m_ShadowRadius: 0
  m_ShadowAngle: 0
  m_AreaSize: {x: 1, y: 1}
--- !u!4 &2018774751
Transform:
  m_ObjectHideFlags: 0
  m_PrefabParentObject: {fileID: 0}
  m_PrefabInternal: {fileID: 0}
  m_GameObject: {fileID: 2018774749}
  m_LocalRotation: {x: .184773311, y: -.826433957, z: .288420737, w: -.446854919}
  m_LocalPosition: {x: 0, y: 10, z: 0}
  m_LocalScale: {x: 1, y: 1, z: 1}
  m_Children: []
  m_Father: {fileID: 0}
  m_RootOrder: 2
--- !u!1 &2027706319
GameObject:
  m_ObjectHideFlags: 0
  m_PrefabParentObject: {fileID: 100120, guid: 24df20f059a511b419077a3c8bc0187f, type: 3}
  m_PrefabInternal: {fileID: 172952787}
  serializedVersion: 4
  m_Component:
  - 4: {fileID: 2027706320}
  m_Layer: 0
  m_Name: tail4
  m_TagString: Untagged
  m_Icon: {fileID: 0}
  m_NavMeshLayer: 0
  m_StaticEditorFlags: 0
  m_IsActive: 1
--- !u!4 &2027706320
Transform:
  m_ObjectHideFlags: 0
  m_PrefabParentObject: {fileID: 400120, guid: 24df20f059a511b419077a3c8bc0187f, type: 3}
  m_PrefabInternal: {fileID: 172952787}
  m_GameObject: {fileID: 2027706319}
  m_LocalRotation: {x: 0, y: 0, z: 0, w: 1}
  m_LocalPosition: {x: -2.98023224e-08, y: -2.7391758, z: .0196313858}
  m_LocalScale: {x: 1, y: 1, z: 1}
  m_Children:
  - {fileID: 1773945847}
  m_Father: {fileID: 517330387}
  m_RootOrder: 0
--- !u!1 &2053784098
GameObject:
  m_ObjectHideFlags: 0
  m_PrefabParentObject: {fileID: 100110, guid: 24df20f059a511b419077a3c8bc0187f, type: 3}
  m_PrefabInternal: {fileID: 172952787}
  serializedVersion: 4
  m_Component:
  - 4: {fileID: 2053784099}
  m_Layer: 0
  m_Name: spine5
  m_TagString: Untagged
  m_Icon: {fileID: 0}
  m_NavMeshLayer: 0
  m_StaticEditorFlags: 0
  m_IsActive: 1
--- !u!4 &2053784099
Transform:
  m_ObjectHideFlags: 0
  m_PrefabParentObject: {fileID: 400110, guid: 24df20f059a511b419077a3c8bc0187f, type: 3}
  m_PrefabInternal: {fileID: 172952787}
  m_GameObject: {fileID: 2053784098}
  m_LocalRotation: {x: 0, y: 0, z: 0, w: 1}
  m_LocalPosition: {x: 1.02445483e-08, y: .41044426, z: -.0264215469}
  m_LocalScale: {x: 1, y: 1, z: 1}
  m_Children:
  - {fileID: 90717719}
  - {fileID: 2013934086}
  - {fileID: 1232664966}
  m_Father: {fileID: 2131833797}
  m_RootOrder: 0
--- !u!1 &2065661177
GameObject:
  m_ObjectHideFlags: 0
  m_PrefabParentObject: {fileID: 100088, guid: 24df20f059a511b419077a3c8bc0187f, type: 3}
  m_PrefabInternal: {fileID: 172952787}
  serializedVersion: 4
  m_Component:
  - 4: {fileID: 2065661178}
  m_Layer: 0
  m_Name: right leg1
  m_TagString: Untagged
  m_Icon: {fileID: 0}
  m_NavMeshLayer: 0
  m_StaticEditorFlags: 0
  m_IsActive: 1
--- !u!4 &2065661178
Transform:
  m_ObjectHideFlags: 0
  m_PrefabParentObject: {fileID: 400088, guid: 24df20f059a511b419077a3c8bc0187f, type: 3}
  m_PrefabInternal: {fileID: 172952787}
  m_GameObject: {fileID: 2065661177}
  m_LocalRotation: {x: 0, y: 0, z: 0, w: 1}
  m_LocalPosition: {x: -1.1304096, y: -.157001495, z: 4.15535927}
  m_LocalScale: {x: 1, y: 1, z: 1}
  m_Children:
  - {fileID: 55325170}
  m_Father: {fileID: 635695846}
  m_RootOrder: 0
--- !u!1 &2092693747
GameObject:
  m_ObjectHideFlags: 0
  m_PrefabParentObject: {fileID: 100106, guid: 24df20f059a511b419077a3c8bc0187f, type: 3}
  m_PrefabInternal: {fileID: 172952787}
  serializedVersion: 4
  m_Component:
  - 4: {fileID: 2092693748}
  m_Layer: 0
  m_Name: spine3
  m_TagString: Untagged
  m_Icon: {fileID: 0}
  m_NavMeshLayer: 0
  m_StaticEditorFlags: 0
  m_IsActive: 1
--- !u!4 &2092693748
Transform:
  m_ObjectHideFlags: 0
  m_PrefabParentObject: {fileID: 400106, guid: 24df20f059a511b419077a3c8bc0187f, type: 3}
  m_PrefabInternal: {fileID: 172952787}
  m_GameObject: {fileID: 2092693747}
  m_LocalRotation: {x: 0, y: 0, z: 0, w: 1}
  m_LocalPosition: {x: 1.02445483e-08, y: .758849382, z: -.190662384}
  m_LocalScale: {x: 1, y: 1, z: 1}
  m_Children:
  - {fileID: 2131833797}
  m_Father: {fileID: 1274854564}
  m_RootOrder: 2
--- !u!1 &2131833796
GameObject:
  m_ObjectHideFlags: 0
  m_PrefabParentObject: {fileID: 100108, guid: 24df20f059a511b419077a3c8bc0187f, type: 3}
  m_PrefabInternal: {fileID: 172952787}
  serializedVersion: 4
  m_Component:
  - 4: {fileID: 2131833797}
  m_Layer: 0
  m_Name: spine4
  m_TagString: Untagged
  m_Icon: {fileID: 0}
  m_NavMeshLayer: 0
  m_StaticEditorFlags: 0
  m_IsActive: 1
--- !u!4 &2131833797
Transform:
  m_ObjectHideFlags: 0
  m_PrefabParentObject: {fileID: 400108, guid: 24df20f059a511b419077a3c8bc0187f, type: 3}
  m_PrefabInternal: {fileID: 172952787}
  m_GameObject: {fileID: 2131833796}
  m_LocalRotation: {x: 0, y: 0, z: 0, w: 1}
  m_LocalPosition: {x: 3.7252903e-09, y: .818549395, z: -.106999397}
  m_LocalScale: {x: 1, y: 1, z: 1}
  m_Children:
  - {fileID: 2053784099}
  m_Father: {fileID: 2092693748}
  m_RootOrder: 0
